1936 3262
254 351 371 425 ΡΑΙῗξ
395 351 444 384 11·
487 348 532 394 A
561 347 623 395 ad
654 348 707 406 C,
741 348 1067 396 secundorum
1089 370 1099 404 ;
1149 358 1198 397 et
1222 349 1260 397 C
1284 351 1334 398 in
1360 351 1400 398 B
1434 352 1482 398 in
1507 351 1559 410 F,
1594 351 1658 399 ad
1681 350 1720 399 C
1741 351 1794 399 in
1816 353 1862 403 D

287 419 450 464 μὲν
492 422 543 469 in
567 423 604 469 F
625 424 908 486 primorum,
932 432 989 471 ut
1009 424 1049 471 B
1074 424 1138 472 ad
1161 425 1220 482 D,
1243 426 1338 473 hoc
1361 434 1436 473 est
1468 426 1576 489 (per
1609 433 1861 474 construc-

445 541 469 563 Β.
484 498 690 560 tionem)
717 506 774 546 ut
798 499 836 545 C
855 499 918 546 ad
937 499 976 545 E
993 500 1319 547 secundorum
1341 522 1353 555 ;
1391 509 1441 548 et
1460 500 1586 548 ratio
1610 500 1649 548 C
1671 500 1724 548 in
1747 501 1790 548 D
1808 501 1859 549 in
1897 520 1903 561 2

213 486 386 518 Rationum

216 531 443 572 compositione

490 227 577 268 144
880 238 1248 272 PHILOSOPHIA
1275 240 1464 273 PRIMA.

486 573 537 630 F,
561 573 624 621 ad
648 573 686 620 C
709 574 760 620 in
784 574 828 620 D
852 573 903 620 in
927 573 969 621 G
996 574 1281 636 primorum,
1314 583 1371 622 ut
1407 575 1444 621 F
1466 574 1530 622 ad
1562 575 1618 633 G,
1655 575 1750 622 hoc
1786 583 1862 623 est

488 647 595 710 (per
641 648 1081 710 constructionem)
1131 657 1188 696 ut
1232 650 1272 697 E
1313 650 1376 697 ad
1423 651 1471 697 H
1519 649 1859 698 secundorum.

484 722 611 770 Sunt
634 739 751 786 ergo
775 723 934 786 prima
956 724 1001 771 A
1023 724 1075 771 in
1095 724 1135 771 B
1158 724 1210 772 in
1234 725 1286 783 F,
1303 725 1342 772 C
1362 725 1412 772 in
1430 725 1474 772 D
1490 725 1542 772 in
1560 725 1618 784 G,
1635 724 1860 772 secundis

482 797 543 857 A,
563 798 610 844 H
631 798 1019 861 proportionalia
1035 818 1047 853 ;
1086 799 1397 862 componitur
1411 806 1577 847 autem
1595 799 1721 847 ratio
1739 799 1785 847 A
1799 799 1862 848 ad

485 873 534 920 H
570 889 630 920 ex
663 873 936 921 rationibus
959 873 1005 920 A
1028 873 1091 920 ad
1127 873 1180 931 C,
1206 873 1246 921 B
1270 874 1333 921 ad
1367 874 1428 932 D,
1452 875 1490 920 F
1523 874 1587 922 ad
1620 873 1677 932 G,
1712 889 1861 936 quare

483 948 610 995 ratio
633 948 880 996 factorum
904 948 949 996 A
967 948 1019 996 in
1045 949 1085 996 B
1100 948 1151 995 in
1171 949 1223 1007 F,
1240 949 1279 996 C
1297 949 1349 996 in
1363 949 1407 996 D
1425 949 1476 996 in
1491 949 1533 996 G
1553 949 1862 1012 componitur

484 1038 544 1070 ex
563 1022 752 1070 iisdem.
822 1023 1009 1072 Eodem
1032 1023 1181 1071 modo
1195 1023 1490 1086 procedetur
1509 1024 1551 1070 si
1563 1023 1696 1071 facta
1713 1022 1863 1071 fuerit

483 1113 543 1144 ex
588 1098 914 1146 efficientibus
957 1105 1288 1161 quotcunque.
1359 1098 1491 1145 Hinc
1537 1098 1862 1160 componendi

483 1173 701 1220 rationes
742 1173 907 1236 plures
952 1173 1004 1221 in
1048 1189 1197 1221 unam
1241 1173 1363 1221 alius
1408 1172 1582 1220 modus
1627 1172 1860 1231 nascitur,

486 1263 676 1310 nempe,
702 1247 783 1294 ille
818 1248 902 1310 qui
926 1248 1218 1310 supponitur
1251 1248 1303 1295 in
1338 1247 1622 1295 definitione
1647 1253 1692 1307 5,
1710 1247 1793 1295 lib.
1813 1253 1859 1295 6.

486 1323 717 1381 Euclidis,
733 1323 1102 1386 multiplicando
1119 1323 1304 1371 scilicet
1319 1323 1394 1370 vel
1409 1322 1630 1371 ducendo
1646 1323 1862 1371 omnium

486 1397 734 1445 rationum
753 1398 1095 1446 antecedentia
1110 1399 1162 1445 in
1183 1414 1233 1445 se
1247 1398 1471 1456 invicem,
1488 1404 1538 1444 et
1552 1397 1715 1445 omnia
1732 1398 1862 1445 simi-

487 1472 601 1519 liter
608 1473 970 1535 consequentia.
994 1474 1067 1521 Ex
1076 1489 1171 1536 quo
1179 1480 1382 1537 apparet
1393 1472 1570 1535 (primo
1577 1472 1707 1534 loco)
1719 1489 1864 1522 causa

488 1555 691 1610 propter
714 1563 858 1610 quam
891 1548 1358 1611 parallelogramma,
1383 1547 1561 1610 quippe
1595 1562 1704 1610 quae
1736 1548 1863 1595 fiunt

489 1622 642 1669 ductu
679 1623 884 1670 duarum
918 1630 1163 1671 rectarum
1196 1623 1247 1670 in
1284 1639 1335 1670 se
1371 1622 1595 1680 invicem,
1620 1629 1670 1669 et
1709 1622 1863 1670 solida

489 1697 652 1744 omnia
675 1714 784 1760 quae
804 1698 874 1745 sic
892 1698 1036 1745 factis
1054 1706 1169 1745 sunt
1186 1698 1406 1761 aequalia,
1420 1697 1601 1744 habere
1619 1697 1862 1745 rationem
1922 1740 1925 1743 ,

488 1772 810 1835 compositam
857 1789 915 1820 ex
969 1773 1240 1820 rationibus
1284 1772 1582 1820 facientium.
1672 1771 1860 1820 Deinde

487 1861 633 1893 causa
651 1862 800 1909 quare
819 1846 1161 1909 multiplicatio
1180 1847 1232 1894 in
1247 1862 1298 1894 se
1323 1847 1530 1894 duarum
1550 1846 1628 1893 vel
1648 1846 1861 1909 plurium

485 1920 798 1979 fractionum,
845 1921 976 1968 idem
1023 1921 1088 1968 sit
1128 1937 1235 1984 quae
1281 1921 1570 1985 compositio
1615 1919 1860 1968 rationum

488 2011 608 2058 quas
670 1996 856 2043 habent
919 1993 1099 2059 singuli
1146 2003 1483 2044 numeratores
1534 1995 1598 2043 ad
1644 1995 1860 2058 singulos
1935 2011 1936 2038 1

489 2070 901 2119 denominatores.
970 2071 1194 2134 Exempli
1229 2087 1390 2128 causa,
1415 2071 1455 2118 si
1489 2071 1564 2118 hae
1597 2070 1860 2119 fractiones

491 2153 515 2203 ὲ
558 2148 581 2198 ἕ
613 2150 638 2200 ἓ
672 2145 1052 2209 multiplicandae
1076 2146 1174 2193 sint
1196 2145 1248 2192 in
1272 2161 1338 2204 se,
1369 2144 1723 2208 multiplicandi
1746 2154 1859 2193 sunt

488 2220 700 2282 primum
736 2227 776 2279 l,
811 2227 858 2279 2,
884 2227 928 2279 3,
953 2221 1004 2267 in
1028 2236 1095 2279 se,
1130 2220 1213 2282 qui
1238 2220 1426 2268 faciunt
1454 2226 1501 2278 6,
1532 2219 1707 2267 deinde
1739 2226 1786 2278 2,
1811 2227 1856 2279 3,

489 2301 538 2353 4,
556 2295 607 2341 in
626 2311 693 2354 se,
714 2295 798 2358 qui
815 2296 1004 2343 faciunt
1022 2301 1083 2343 24
1102 2316 1114 2350 ;
1139 2295 1390 2358 oriturque
1408 2294 1583 2342 fractio
1604 2297 1675 2349 2⁶1.
1734 2295 1858 2343 Item
1903 2355 1906 2357 Α

489 2370 530 2417 si
568 2370 667 2418 sint
707 2370 1055 2433 componendae
1093 2370 1309 2417 rationes
1355 2376 1374 2418 l
1412 2370 1475 2417 ad
1509 2377 1556 2429 2,
1581 2376 1609 2418 2
1646 2369 1710 2417 ad
1744 2376 1791 2428 3,
1827 2377 1856 2418 3

487 2444 551 2491 ad
583 2451 630 2503 4,
668 2444 892 2492 faciendo
925 2453 982 2492 ut
1012 2445 1063 2492 in
1096 2444 1405 2507 praecedente
1442 2445 1856 2493 demonstratione

488 2519 756 2578 docuimus,
782 2520 967 2567 orietur
988 2520 1114 2567 ratio
1138 2525 1168 2566 6
1193 2519 1256 2567 ad
1279 2526 1357 2568 24.

560 2600 634 2641 15.
672 2595 723 2642 Si
749 2595 875 2642 ratio
900 2602 1222 2658 componatur
1245 2610 1356 2642 cum
1380 2594 1454 2642 sui
1476 2594 1626 2657 ipsius
1648 2594 1853 2654 inversa,

489 2670 759 2732 composita
781 2678 856 2717 est
878 2669 1004 2717 ratio
1029 2669 1336 2732 aequalitatis.

556 2744 630 2791 Sit
654 2745 782 2792 enim
805 2744 931 2791 ratio
967 2759 1283 2806 quaecumque
1306 2744 1351 2790 A
1373 2743 1436 2791 ad
1460 2744 1516 2802 B,
1540 2743 1666 2791 ratio
1690 2751 1853 2791 autem

487 2819 582 2867 alia
606 2819 644 2867 C
667 2819 731 2867 ad
749 2820 792 2867 D
817 2819 880 2867 sit
904 2819 1030 2866 illius
1050 2818 1256 2866 inversa.
1304 2818 1669 2882 Componentur
1690 2825 1852 2866 autem
