1936 3262
540 268 612 301 DE
641 264 1013 300 SYLLoelsmo.
1419 254 1484 306 47

70 383 109 429 ss*
154 380 286 431 Nam
330 378 487 427 omnis
532 377 672 425 homo
717 381 796 423 est
854 373 1060 435 animal,
1108 376 1333 423 converti
1384 393 1486 426 non

132 463 255 505 test
276 455 330 504 in
351 455 498 513 hanc,
523 467 662 501 omne
685 450 877 499 animal
897 456 976 498 est
999 450 1156 509 homo,
1193 458 1244 498 et
1274 452 1484 515 proinde

78 532 132 594 fni
172 530 456 596 syllogismo
479 527 596 578 huic
633 526 929 575 restituatur
966 542 1056 574 sua
1091 526 1252 575 forma
1280 527 1483 587 directa,

64 599 177 667 ¹¹§fiet
197 607 364 656 minor
381 603 594 671 ,quidam
617 603 758 650 homo
781 608 861 650 est
884 601 1089 659 animal,
1127 609 1177 650 et
1200 619 1290 666 per
1315 619 1486 651 conse-

88 698 246 751 quens
269 680 520 731 conclusio
536 680 631 728 erit
654 678 859 743 quidam
882 677 1022 725 homo
1047 684 1125 725 est
1148 695 1350 743 corpuS,
1376 695 1489 727 cum

55 760 252 811 minor
273 757 531 814 terminus,
555 755 712 813 homa,
751 754 838 818 qui
863 754 1143 818 subjectum
1178 762 1253 803 est
1289 755 1488 803 conclu-

61 838 66 854 ²
89 834 260 894 aionis,
283 834 350 883 sit
371 848 556 882 nomen
578 830 896 896 particulare.

37 1078 59 1124 ,g
89 1061 134 1112 si
152 1060 491 1111 directussit:

362 1179 535 1229 Omnis
558 1177 699 1226 homo
723 1184 802 1226 est
825 1177 1031 1236 animal,

363 1255 517 1304 Omne
542 1253 735 1302 animal
756 1260 834 1302 est
857 1271 954 1302 non
979 1253 1135 1318 lapis,
1173 1255 1324 1319 Ergo,

364 1330 538 1379 Omnis
562 1330 702 1378 homo
727 1336 806 1378 est
832 1346 927 1402 nm}
952 1329 1106 1394 lapis.

159 1492 269 1542 Fiet

48 1571 58 1593 3
91 1569 317 1619 inversus
363 1525 518 1574 Omne
540 1541 637 1573 non
660 1523 855 1572 animal
874 1530 953 1572 est
977 1541 1074 1572 non
1098 1525 1254 1585 homo,
1295 1526 1445 1590 Ergo,

363 1448 536 1497 Omnis
559 1446 699 1514 lapis
721 1454 800 1496 est
824 1465 922 1496 non
945 1447 1150 1509 animal,

327 1446 536 1671 {Omni-s·
559 1599 698 1666 lapis
714 1605 793 1647 est
815 1615 912 1647 non
935 1598 1091 1648 homo.

49 1726 63 1803 sl
95 1738 222 1789 Quae
259 1736 511 1787 conclusio
536 1751 790 1795 conversa,
826 1741 878 1782 et
909 1735 1231 1799 aequipollens
1267 1744 1344 1785 est
1378 1754 1496 1786 0011-

56 1826 58 1830 “
97 1814 333 1864 clusionis
353 1813 569 1862 directae.

149 1890 358 1954 Figurae
397 1889 583 1953 itaque,
622 1888 664 1936 si
700 1903 871 1935 earum
905 1903 1140 1936 numerus
1170 1889 1320 1937 solius
1343 1889 1495 1937 medii

45 1981 58 2030 ᾖ
67 1956 83 1970 ”
94 1965 296 2016 termini
315 1966 439 2014 situs
452 1964 694 2014 varietate
713 1963 994 2022 definiatur,
1010 1971 1112 2012 tres
1131 1972 1328 2014 tantum
1348 1973 1465 2014 sunt
1481 1986 1494 2021 ;

18 2108 21 2111 η
44 2049 54 2090 J
95 2041 150 2091 in
168 2057 378 2106 quarum
398 2040 575 2105 prima,
599 2039 791 2088 medius
811 2039 1053 2088 terminus
1076 2041 1294 2089 medium
1312 2042 1494 2101 locum,

47 2127 56 2155 ἒ
97 2117 151 2167 111
174 2117 392 2166 secunda
412 2116 659 2175 ultimum,
691 2115 745 2163 in
767 2115 917 2163 tertia
939 2115 1156 2179 primum
1178 2117 1344 2165 locum
1368 2117 1497 2165 obti-

50 2184 66 2259 „f
95 2201 222 2254 net;
272 2200 327 2242 at
363 2193 406 2242 si
449 2193 623 2257 figurae
663 2199 990 2240 numerentur
1033 2193 1306 2241 seeundum
1347 2193 1498 2242 situm

58 2323 59 2326 ,
98 2269 425 2319 terminorum
449 2268 755 2331 simpliciter,
780 2275 995 2332 quatuor
1014 2277 1175 2329 erunt,>
1199 2285 1315 2317 nam
1337 2269 1499 2334 prima

47 2346 62 2402 'f
97 2361 268 2396 rursus
301 2345 356 2393 in
383 2345 505 2393 duas
530 2344 881 2407 distinguetur,
914 2343 1147 2392 nimirum
1176 2344 1229 2393 in
1254 2345 1498 2394 directum

99 2429 152 2471 et
192 2421 458 2470 inversum.
526 2420 602 2468 Ex
639 2435 738 2484 quo
779 2426 920 2483 patet
956 2421 1345 2469 controversiam
1386 2439 1497 2486 quae

46 2527 58 2543 ι
101 2505 179 2547 est
200 2497 334 2546 inter
357 2496 568 2561 Logicos
601 2496 663 2544 de
701 2503 879 2560 quarta
920 2497 1082 2561 figura
1116 2514 1219 2546 non
1255 2506 1358 2546 tam
1391 2514 1498 2547 esse

24 2596 27 2603 1
52 2572 61 2630 ’ᾖ
102 2589 251 2638 quam
273 2573 446 2633 videri,
469 2589 586 2621 nam
605 2573 666 2621 de
689 2589 743 2621 re
760 2579 916 2637 patet,
944 2581 1150 2637 propter
1173 2575 1498 2624 terminorum

59 2683 67 2688 ,
103 2649 255 2699 situm
294 2648 451 2711 (nulla
491 2649 772 2713 quantitate
817 2665 978 2713 neque
1021 2650 1276 2713 qualitate,
1319 2651 1496 2715 quibus

104 2724 481 2789 distinguuntur
498 2724 650 2784 modi,
676 2724 1011 2789 considerata)
1040 2733 1254 2789 quatuor
1273 2743 1379 2775 esse
1399 2728 1496 2792 syl-

64 2798 71 2837 f
101 2798 425 2865 logismorum
467 2799 771 2849 differentias
808 2817 929 2864 quas
965 2801 1172 2866 quilibet
1194 2802 1273 2851 vel
1294 2804 1494 2868 figuras,

43 2902 68 2950 21²²
103 2876 183 2926 vel
204 2876 301 2926 alio
324 2875 540 2936 nomine,
563 2893 654 2940 pro
677 2877 884 2926 arbitrio
908 2894 998 2926 suo
1021 2879 1267 2942 appellare
1290 2888 1472 2945 potest.

1551 399 1668 432 PARS
1687 399 1714 431 1.

164 916 240 960 ll.
276 909 460 974 Figura
480 908 694 967 inversa,
719 906 822 955 sive
845 905 1092 954 indirecta
1115 906 1266 954 tertia
1300 908 1360 955 fit
1400 924 1490 972 per
1507 908 1625 959 ,Figura

1506 953 1662 983 indirecta

48 975 63 1034 f,
88 985 464 1037 conversionem
482 984 742 1048 utriusque
761 982 1044 1047 praemissae.
1080 983 1307 1047 Exempli
1324 999 1488 1044 causa,
1506 997 1601 1071 {3222
1613 1004 1693 1070 ‹330-
