1936 3262
437 285 576 326 lxxxvi
940 303 1038 331 vrrA
1059 305 1163 333 Tno.
1186 306 1369 337 HOBBES.

552 407 730 451 Praemia
751 411 910 454 virtutis
930 413 1082 469 populo
1102 415 1219 457 dedit
1239 416 1320 467 ille,
1342 418 1598 474 propinquos

610 499 821 557 Sanguine
843 503 1060 544 Danorum
1082 506 1155 561 qui
1178 507 1397 548 madefecit
1416 522 1559 564 agros:

550 590 647 632 Huc
667 601 709 632 et
727 591 780 633 ab
802 592 1050 648 Aldhelmo†
1069 595 1247 638 deducta
1265 607 1326 639 est
1348 613 1463 639 musa
1485 597 1651 650 Latina,

605 680 687 721 Hic
707 681 853 723 habuit
872 683 1047 738 primam
1067 683 1211 741 lingua
1233 686 1386 728 Latina
1406 687 1598 729 scholam.

550 770 645 812 Non
665 782 726 813 est
746 782 792 813 ut
812 774 956 829 patriae
976 774 1151 830 pudeat3
1182 776 1254 818 sed
1275 787 1436 834 tempus
1456 778 1646 834 iniquum

603 862 862 919 Conqueror,
884 874 926 906 et
945 880 1107 907 mecum
1129 875 1190 908 tot
1205 882 1371 924 quoque
1390 878 1488 910 nata
1508 869 1628 911 mala.

546 952 673 994 Fama
692 952 849 995 ferebat
868 955 978 996 enim
998 955 1146 997 diffusa
1166 971 1240 1012 per
1255 958 1406 1013 oppida
1426 968 1578 1008 nostra,

602 1042 847 1084 Extremum
867 1044 982 1100 genti
1002 1044 1128 1086 classe
1149 1046 1290 1088 venire
1310 1046 1433 1089 diem.

540 1131 682 1188 Atque
704 1143 859 1175 metum
881 1144 1042 1176 tantum
1062 1136 1250 1192 concepit
1269 1146 1369 1178 tunc
1390 1152 1481 1178 mea
1501 1147 1645 1187 mater,

599 1222 660 1263 Ut
678 1233 842 1278 pareret
861 1224 1059 1280 geminos,
1081 1240 1232 1282 meque
1252 1236 1493 1284 metumque
1512 1227 1647 1270 simul.

541 1310 653 1354 Hinc
673 1322 746 1364 est,
770 1323 814 1355 ut
835 1315 970 1365 credo,
993 1316 1146 1371 patrios
1170 1317 1282 1373 quod
1302 1318 1518 1360 abominor
1536 1319 1686 1370 hostes,

596 1402 744 1444 Pacem
766 1419 859 1446 amo
888 1420 982 1447 cum
1003 1406 1142 1457 musis,
1164 1416 1206 1448 et
1224 1406 1361 1449 faciles
1380 1408 1520 1450 socios.

534 1491 659 1534 Disco
679 1493 792 1550 loqui
813 1504 1002 1551 quatuor,
1025 1496 1197 1538 totidem
1216 1496 1367 1554 legere,
1389 1509 1431 1540 et
1450 1513 1684 1548 numerare,

592 1583 689 1625 Non
710 1584 816 1626 bene
836 1597 1037 1641 praeterea
1057 1587 1216 1644 fingere
1236 1588 1431 1630 literulas.

538 1674 620 1716 Sex
639 1675 758 1716 annis
777 1676 830 1717 ad
850 1677 974 1719 verba
995 1678 1088 1719 steti
1112 1678 1273 1721 Graecae
1294 1689 1420 1736 atque
1442 1679 1621 1728 Latinae,

590 1763 646 1805 Et
665 1764 825 1806 decimo
845 1776 993 1822 quarto
1016 1767 1156 1809 mittor
1174 1768 1229 1809 ad
1251 1768 1476 1811 Oxonium.

535 1854 632 1897 Huc
655 1856 922 1914 Magdalenae
943 1859 1110 1901 veniens
1130 1860 1328 1902 admittor
1347 1861 1390 1901 in
1410 1860 1561 1911 aulam,

589 1945 723 2003 Inque
742 1947 825 1989 ima
843 1948 989 2006 logicae
1009 1949 1135 1991 classe
1154 1949 1310 1992 locatus
1330 1965 1457 1992 eram.

531 2035 589 2077 Et
608 2037 839 2092 praelectori
858 2054 952 2081 cum
972 2040 1114 2096 primis
1134 2039 1300 2081 sedulus
1319 2040 1490 2090 adsum3

588 2125 628 2167 Is
647 2126 744 2169 licet
763 2128 958 2171 imberbis
978 2144 1072 2171 cum
1092 2130 1294 2186 gravitate.
1315 2129 1428 2186 legit,

530 2219 742 2269 Barbara,
764 2224 960 2273 celarent,
981 2223 1110 2275 darii,
1119 2225 1249 2278 ferio,
1274 2224 1535 2278 baralypton,

583 2308 686 2359 Hos,
707 2309 882 2361 dicebat,
904 2311 1029 2354 habet
1048 2313 1182 2368 prima
1202 2312 1337 2368 figura
1357 2311 1513 2354 modos.

532 2401 709 2450 C'oesare,
730 2409 959 2451 camestres,
970 2404 1146 2457 festino,
1166 2405 1324 2454 baroco,
1345 2406 1528 2458 darapti,

585 2488 691 2531 Haec
711 2490 835 2531 etiam
857 2491 1027 2532 totidem
1048 2501 1128 2534 stat
1147 2492 1303 2534 variata
1322 2492 1465 2533 modis.

523 2581 742 2634 Felapton,
761 2584 945 2633 disamiS,
966 2585 1108 2631 datis&
1131 2584 1318 2631 bocardo,
1325 2585 1506 2638 serison‚

585 2668 693 2710 Sunt
711 2684 851 2711 rursus
871 2670 1043 2711 totidem
1064 2670 1320 2728 legitimique
1341 2671 1465 2713 modi.

455 2782 474 2818 †
497 2779 575 2811 Vide
591 2782 629 2812 de
643 2783 711 2823 ipso
735 2785 828 2815 Bedae
851 2784 936 2816 stt.
959 2784 1231 2823 Ecclesiasticam3
1256 2786 1332 2817 Gul.
1358 2786 1697 2823 Malmesburiensem;
1721 2787 1838 2818 Matth,

413 2839 801 2879 Westmonasteriensem3
826 2843 955 2875 Baronii
979 2845 1134 2881 Annalem
1158 2844 1301 2875 Balaeum
1328 2851 1359 2876 et
1384 2846 1537 2877 Pitsaeum
1559 2847 1595 2878 de
1618 2847 1731 2888 Script.
1754 2846 1836 2888 Any-

409 2900 500 2937 lim,-
528 2900 580 2932 Fr.
596 2902 728 2933 Godwin
743 2904 779 2933 de
792 2903 921 2935 Praesul.
942 2905 1029 2945 Auyl.
1047 2910 1075 2936 et
1097 2906 1174 2936 alios
1189 2906 1336 2937 omittam.
1382 2907 1470 2937 Obiit
1492 2917 1574 2938 anno
1598 2907 1669 2944 709,
1686 2907 1839 2938 nonnulla

407 2959 475 2998 ejus
491 2961 641 3000 opuscula
656 2961 809 2994 habentur
823 2965 855 2995 in
872 2964 1063 2996 Bibliotheca
1086 2967 1218 2996 Patrum
1235 2970 1265 2996 et
1281 2966 1364 3006 apud
1389 2966 1488 2998 Henr,
1504 2967 1668 2998 Canisium
1683 2967 1715 2998 in
1730 2966 1836 3007 Antiq.

407 3018 487 3050 Lect.
503 3024 578 3052 tom.
591 3031 619 3051 v.
