1936 3262
368 259 412 301 lx
738 275 850 304 vrrAE
874 276 1117 306 HOBBIANAE
1139 277 1416 307 AUCTARmM.

366 393 413 424 ut
435 395 591 425 taceam
612 400 706 441 quae
728 386 770 426 in
791 401 884 427 suos
905 386 948 427 in
976 387 1143 430 fortuna
1172 403 1257 431 non
1285 389 1388 432 adeo
1418 390 1532 432 lauta
1558 391 1801 435 constitutos

366 483 611 517 testamento
640 476 960 532 prudentissime
989 477 1250 534 dispensavit.
1314 480 1428 538 Erga
1456 495 1656 537 pauperes
1676 482 1802 524 etiam

363 564 591 606 admodum
629 564 823 616 liberalis,
864 581 964 622 erga
1009 567 1219 611 universos
1258 569 1312 611 ad
1346 585 1512 612 omnem
1545 571 1720 627 justitiae
1759 580 1803 614 et

363 654 631 698 humanitatis
651 657 854 699 rationem
874 659 1219 702 accommodatus.

420 745 633 794 Quantam
654 748 794 804 itaque
809 748 852 789 in
873 749 1086 806 republica
1104 750 1286 793 literaria
1307 751 1570 807 tyrannidem
1590 751 1798 803 affectant,

362 835 435 890 qui
468 835 592 877 talem
623 846 870 894 tantumque
904 839 1052 889 virum,
1088 849 1135 882 ut
1165 840 1337 882 humani
1371 841 1535 896 generis
1569 850 1728 897 pestem
1759 851 1802 884 et

361 926 578 982 capitalem
606 927 816 984 religionis
837 929 1054 986 omnisque
1074 930 1203 972 civilis
1229 931 1424 986 consortii
1459 931 1674 973 inimicum
1705 946 1801 988 pro-

360 1016 560 1066 scribunt,
600 1018 772 1074 ejusque
803 1017 1103 1075 philosophiam
1133 1028 1333 1076 tanquam
1363 1021 1539 1076 pessime
1581 1030 1797 1072 moratam,

358 1106 585 1162 impietate,
623 1107 837 1163 injustitia,
891 1109 1089 1166 nequitia,
1130 1109 1335 1151 discordia
1375 1110 1556 1167 denique
1594 1110 1739 1153 foetam
1777 1126 1800 1153 e

358 1197 550 1238 manibus
591 1197 807 1239 hominum
867 1209 1063 1241 excutere
1113 1199 1403 1242 contendunt?
1463 1215 1593 1257 quum
1632 1201 1800 1243 interim

358 1295 546 1328 terantur
584 1287 734 1343 passim
777 1287 1031 1342 Philostrati,
1082 1289 1316 1347 Porphyrii,
1359 1291 1560 1342 Iamblici,
1608 1291 1797 1342 Luciam,

360 1376 554 1434 Eunapii,
613 1378 775 1429 Rutilii,
819 1379 986 1431 Zosimi,
1033 1381 1294 1439 aliorumque
1344 1382 1572 1425 Christiani
1620 1382 1800 1424 nominis

356 1467 539 1509 hostium
578 1468 741 1524 scripta,
783 1469 1000 1511 doctorum
1038 1470 1206 1528 insuper
1238 1471 1426 1514 vindiciis
1461 1481 1631 1524 ornata3
1662 1487 1799 1530 neque

358 1555 615 1598 Alcoranum
654 1558 855 1614 inspicere
894 1559 1008 1602 nefas
1043 1575 1142 1611 esse,
1186 1561 1333 1603 emissa
1371 1576 1447 1617 pro
1487 1577 1562 1604 sua
1601 1561 1800 1604 Alcorani

356 1645 538 1688 editione
583 1647 785 1704 apologia,
839 1649 1020 1691 ostendit
1060 1650 1308 1692 Theodorus
1350 1650 1607 1702 Bibliander,
1648 1651 1712 1692 vir
1750 1660 1799 1693 ut

355 1736 688 1793 incomparabilis
737 1737 951 1789 doctrinae,
993 1739 1255 1797 eloquentiae,
1292 1756 1340 1783 ac
1390 1742 1522 1784 tribus
1560 1742 1604 1782 in
1643 1741 1797 1798 linguis

355 1827 623 1881 praestantiae,
654 1827 711 1869 sic
737 1828 904 1883 pietate,
930 1830 1114 1872 moribus
1134 1839 1176 1872 et
1195 1830 1280 1872 vita
1303 1831 1516 1888 exemplar
1542 1832 1742 1883 omnium,
1764 1831 1798 1873 si

360 1915 549 1958 Gesnero
570 1917 752 1959 Varroni
774 1918 1009 1975 Tigurino†
1026 1919 1128 1962 fides
1148 1920 1397 1963 adhibenda.

413 2006 440 2048 J
444 2016 582 2048 ustum
603 2007 730 2064 igitur
742 2023 918 2050 examen
934 2010 1109 2051 subeant
1128 2010 1367 2062 Hobbiana,
1383 2011 1622 2067 prudenteS,
1645 2027 1794 2069 aequos,

356 2096 573 2139 affectibus
611 2097 762 2140 liberos
801 2099 1070 2155 experiantur
1103 2100 1290 2156 judices:
1335 2101 1449 2158 quod
1487 2116 1632 2142 verum
1670 2111 1796 2159 atque

357 2188 514 2229 bonum
535 2189 577 2229 in
599 2188 801 2231 humanos
822 2205 919 2232 usus
941 2190 1231 2242 transferatur3
1261 2191 1374 2248 quod
1393 2191 1535 2242 secius,
1556 2206 1638 2248 quo
1658 2191 1795 2235 minus

357 2278 592 2329 damnetur,
606 2294 690 2320 non
704 2294 951 2321 recusamus.
1012 2279 1087 2322 Vis
1107 2280 1177 2322 illa
1197 2280 1386 2330 coelestis,
1409 2295 1504 2337 quae
1523 2289 1673 2323 cuncta
1688 2281 1796 2339 regit

356 2383 403 2410 ac
438 2369 690 2420 moderatur,
727 2370 918 2412 universa
956 2370 1075 2412 bonis
1109 2371 1310 2428 malisque
1347 2369 1557 2428 variegata
1595 2371 1791 2414 sustinet:

356 2473 431 2499 nos
451 2459 632 2510 interim,
650 2460 704 2501 ob
725 2459 919 2516 quaedam
937 2475 1031 2516 quae
1047 2461 1260 2502 arrideant
1274 2461 1424 2510 minus,
1442 2461 1599 2517 optima
1614 2477 1793 2520 quaeque

356 2548 408 2589 de
428 2549 566 2590 medio
583 2549 738 2599 tollere,
757 2564 924 2606 aequum
941 2564 1025 2591 non
1041 2560 1114 2591 est.
1176 2549 1348 2591 Frustra
1362 2550 1526 2591 veritati
1545 2550 1791 2606 ignorantiae

355 2638 523 2695 clypeus
552 2639 794 2695 praefertur:
838 2640 994 2697 diuque
1023 2640 1144 2682 nimis
1176 2640 1220 2681 in
1256 2655 1517 2682 communem
1562 2641 1790 2684 literaturae

355 2728 597 2784 perniciem,
634 2739 842 2786 grassatus
874 2739 935 2772 est
966 2730 1226 2787 importunus
1264 2730 1527 2787 quorundam
1565 2746 1666 2782 mos,
1703 2731 1787 2788 qui,

355 2817 599 2873 opinionum
627 2820 709 2862 suis
739 2820 1004 2863 adversarum
1034 2820 1180 2877 gratia,
1203 2820 1334 2863 doctis
1361 2820 1604 2864 authoribus
1634 2820 1789 2864 bellum

907 2932 929 2971 †
955 2931 989 2961 In
1009 2929 1214 2962 Bibliotheca.
