1910 3256
205 378 317 410 PARS
336 379 392 411 IV.

283 424 334 453 29.

224 468 387 491 &qr—a

170 1058 339 1090 Quomodo

170 1112 189 1132 a
205 1101 307 1132 calore

171 1148 204 1175 et
218 1154 236 1174 a
255 1148 349 1175 vento

170 1187 346 1228 adjuvatur.

166 1955 233 1986 Cur
255 1965 385 1995 corpora

164 1998 298 2029 minime
317 1999 426 2028 odora-

164 2046 196 2071 ta
225 2048 310 2078 sunt,
342 2052 412 2081 quae

164 2084 333 2114 minimum
360 2085 417 2115 ha-

164 2128 240 2158 bent
254 2128 412 2158 intermis-

165 2172 190 2201 ti
216 2171 352 2202 aetheris.

455 255 554 298 410
1020 265 1267 299 PHYSICA.

455 383 638 435 cerent,
677 383 725 424 et
763 377 967 440 proinde
1004 377 1178 424 odores
1215 378 1432 425 omnium
1467 394 1630 426 rerum
1664 386 1827 428 essent

453 451 649 499 similes.

519 527 689 575 Restat
712 529 925 590 ergo‚‘ut
949 527 1223 575 olfactionis
1248 545 1394 576 causa
1428 530 1492 577 sit
1524 537 1686 577 motus
1711 546 1824 593 par-

451 602 575 650 tium
599 603 790 650 odorati
810 603 1029 665 simplex,
1054 604 1235 666 absque
1257 605 1357 651 ulla
1379 621 1405 651 e
1428 612 1535 652 toto
1554 620 1641 652 suo
1661 605 1824 653 efflue-

452 678 619 733 tione3
657 694 751 740 quo
788 686 926 725 motu
959 685 1257 741 propagatur
1291 695 1380 742 per
1416 679 1628 727 medium
1664 694 1826 727 aerem

451 769 603 815 usque
642 753 706 801 ad
745 769 982 816 organum
1005 761 1166 801 motus
1191 754 1376 808 similis,
1413 755 1498 801 sed
1531 770 1619 817 per
1653 770 1705 802 se
1726 769 1825 802 non

453 828 570 876 satis
591 829 851 876 vehemens
875 828 937 876 ad
961 829 1268 876 excitandam
1291 829 1563 877 sensionem
1583 829 1685 876 sine
1699 829 1824 877 aeris

450 919 538 966 per
560 903 931 966 respirationem
954 904 1262 951 attractione.
1314 904 1437 952 Quae
1461 904 1655 966 quidem
1679 918 1826 952 causa

452 978 724 1026 olfactionis
749 986 824 1026 est
846 979 1100 1042 possibilis.

524 1060 597 1100 14.
636 1054 799 1102 Quare
823 1061 985 1101 autem
1009 1053 1203 1101 olfactio
1234 1070 1263 1100 a
1292 1053 1472 1116 frigore
1495 1052 1770 1115 impeditur,
1795 1069 1825 1100 a

451 1128 612 1175 calore
635 1127 906 1190 adjuvatur,
932 1144 1076 1175 causa
1100 1144 1202 1175 esse
1224 1135 1401 1191 potest,
1438 1128 1567 1190 quod
1591 1127 1723 1175 calor
1749 1127 1825 1189 (ut

451 1217 599 1264 supra
645 1210 892 1250 ostensum
939 1209 1025 1258 est,
1072 1219 1177 1265 cap.
1224 1203 1350 1265 XXI.)
1391 1210 1593 1265 generat
1636 1210 1824 1250 motum

451 1277 747 1340 simplicem;
807 1293 955 1340 quare
1002 1277 1148 1325 etiam
1202 1278 1595 1340 praeexistentem
1648 1284 1822 1340 auget;

449 1360 593 1399 aucta
615 1361 780 1400 autem
803 1353 965 1400 odoris
990 1368 1149 1408 causa,
1169 1353 1290 1400 odor
1313 1353 1415 1415 ipse
1438 1351 1709 1415 augebitur.

514 1428 701 1475 Ventus
747 1434 910 1475 autem
954 1428 1015 1474 ab
1062 1427 1264 1475 odorato
1319 1427 1517 1474 odorem
1566 1426 1819 1475 fortiorem

447 1502 610 1549 reddit
630 1502 833 1550 eandem
857 1503 918 1549 ob
939 1505 1150 1560 cauSam,
1170 1510 1369 1565 propter
1385 1518 1529 1564 quam
1550 1501 1682 1549 idem
1702 1502 1821 1550 facit

446 1578 674 1625 attractio
698 1577 822 1625 aeris
841 1578 891 1625 in
915 1578 1247 1640 respiratione.
1291 1575 1422 1625 Nam
1443 1577 1525 1640 qui
1547 1577 1821 1640 proximum

446 1669 609 1700 aerem
645 1653 864 1710 attrahit,
905 1653 1024 1700 facit
1059 1662 1116 1701 ut
1152 1654 1399 1711 remotior,
1443 1653 1588 1700 etiam
1624 1653 1708 1700 ubi
1745 1661 1820 1701 est

447 1728 694 1790 objectum
732 1728 1002 1786 odoratum,
1041 1729 1346 1782 attrahatur3
1384 1728 1467 1790 qui
1506 1735 1667 1775 motus
1694 1729 1818 1776 aeris

444 1811 619 1850 ventus
643 1810 731 1861 est,
757 1811 807 1849 et
829 1819 859 1850 a
880 1810 1042 1861 vento,
1081 1803 1164 1865 qui
1202 1803 1388 1865 spirans
1425 1803 1485 1849 ab
1527 1803 1718 1865 objecto
1748 1802 1818 1851 illi

446 1877 687 1925 secundus
711 1885 801 1935 est,
826 1884 1048 1939 augetur.

518 1959 589 1999 15.
629 1952 774 2000 Quod
797 1967 1015 2014 corpora,
1052 1951 1103 1998 in
1127 1951 1301 2013 quibus
1335 1951 1528 1998 aetheris
1564 1950 1816 1999 minimum

446 2027 738 2084 continetur,
792 2033 848 2072 ut
885 2025 1069 2088 lapides
1102 2034 1153 2072 et
1198 2025 1408 2082 metalla,
1454 2025 1614 2072 minus
1655 2025 1817 2073 oleant

446 2118 592 2164 quam
614 2101 796 2164 plantae
821 2107 870 2147 et
893 2099 1134 2158 animalia,
1161 2115 1306 2147 causa
1338 2115 1440 2146 esse
1474 2105 1651 2161 potest,
1686 2099 1818 2161 quod

444 2185 605 2224 motus
629 2176 888 2223 odorificus
912 2174 1170 2222 fluidarum
1192 2174 1406 2238 partium
1429 2174 1639 2221 solarum
1655 2181 1817 2223 motus

444 2259 533 2311 est,
559 2269 667 2315 quae
689 2259 870 2314 partes,
896 2250 936 2298 si
960 2266 1104 2313 quem
1126 2257 1312 2298 motum
1343 2249 1526 2297 habent
1548 2265 1577 2296 a
1598 2250 1816 2312 partibus

444 2328 577 2375 duris
615 2328 666 2374 in
707 2327 881 2389 quibus
918 2325 1245 2383 continentur,
1284 2324 1490 2372 eundem
1525 2332 1694 2387 aperto
1715 2325 1818 2373 aeri

444 2403 806 2450 communicant
830 2408 878 2448 et
901 2401 963 2448 ad
987 2417 1220 2463 organum
1245 2406 1529 2463 propagant.
1580 2400 1676 2447 Ubi
1700 2415 1815 2463 ergo

443 2478 631 2525 nullum
669 2477 908 2524 inclusum
951 2483 1024 2522 est
1059 2475 1278 2533 fluidum,
1316 2482 1372 2522 ut
1407 2475 1458 2521 in
1481 2474 1702 2534 metallis,
1738 2475 1815 2523 vel

443 2553 529 2600 ubi
552 2552 757 2600 fluidum
779 2551 965 2598 nullum
1003 2567 1033 2598 a
1062 2550 1282 2614 partibus
1319 2549 1451 2597 duris
1482 2556 1666 2597 motum
1689 2550 1815 2599 acci-

442 2628 598 2690 piunt,
615 2634 671 2674 ut
689 2627 738 2673 in
758 2626 998 2688 lapidibus
1014 2625 1096 2687 qui
1112 2624 1220 2671 duri
1240 2631 1352 2671 sunt
1369 2639 1456 2687 per
1474 2624 1813 2683 accretionem,

442 2703 603 2749 nullus
628 2702 722 2749 erit
744 2700 879 2748 odor.
949 2700 1118 2762 Itaque
1142 2706 1192 2746 et
1214 2715 1356 2761 aqua,
1390 2714 1498 2762 quae
1520 2698 1706 2757 nullum
1729 2706 1814 2747 aut

444 2777 698 2824 minimum
733 2775 883 2822 habet
904 2774 1117 2836 partium
1154 2780 1356 2830 motum,
1391 2772 1588 2820 odorem
1627 2772 1814 2821 nullum

442 2852 604 2899 habet.
674 2850 857 2898 Eadem
880 2856 1042 2897 autem
1080 2864 1221 2910 aqua,
1260 2849 1301 2895 si
1324 2864 1354 2895 a
1377 2847 1559 2896 semine
1583 2855 1631 2895 et
1653 2848 1811 2896 calore
