1910 3256
185 381 296 412 PARS
317 380 380 413 IV.

257 425 308 456 30.

206 467 358 491 ἢν

162 517 267 548 Causa
287 517 369 556 ejec-

162 559 256 590 tionis
276 559 377 599 gravi-

161 613 218 633 um
233 603 267 633 in
282 602 382 633 altum
397 612 414 632 e

163 656 283 676 canone
296 645 415 686 sclope-

165 690 188 720 ti
211 688 416 729 pneumatici.

429 255 524 296 422
958 264 1210 297 PHYSICA.

431 381 595 422 autem
630 391 786 423 canon
822 376 913 423 iste
956 375 1051 423 duo
1088 375 1340 433 foramina,
1377 375 1580 423 valvulis
1616 376 1805 424 interne

433 450 623 505 clausa3
650 451 855 498 alterum
871 467 960 514 per
979 451 1110 514 quod
1133 467 1216 498 aer
1234 450 1578 510 admittendus,
1599 447 1805 499 alterum

430 541 518 588 per
557 525 690 588 quod
731 526 1025 573 emittendus
1062 534 1148 573 est.
1231 525 1420 573 Deinde
1461 541 1551 588 ope
1586 525 1692 573 tubi
1726 542 1805 574 ca-

431 615 610 647 nonem
640 609 773 648 arcte
815 600 1180 663 complectentis
1213 607 1261 647 et
1290 600 1483 658 emboli,
1525 599 1692 647 similis
1724 600 1807 648 fis-

433 684 574 734 tucae,
614 675 849 738 perforati
889 683 939 723 et
971 675 1212 723 valvulam
1251 675 1475 722 habentis
1510 675 1716 734 interne,
1749 683 1808 723 ut

432 749 573 797 facile
596 750 751 812 possit
784 750 982 808 retrahi,
1019 765 1180 796 aerem
1216 757 1472 797 externum
1506 749 1671 797 multis
1693 749 1810 798 vali·

435 824 605 887 disque
633 825 809 872 ictibus
832 825 883 871 in
908 840 1145 872 canonem
1167 825 1425 883 incutiunt,
1451 824 1605 871 donec
1637 838 1809 887 percu-

434 899 590 947 tiendi
644 900 927 947 difficultate
967 900 1085 947 victi
1130 899 1285 947 multo
1341 900 1449 962 plus
1495 899 1619 946 aeris
1652 899 1809 947 inesse

436 974 612 1021 canoni
642 974 939 1021 arbitrentur
977 989 1121 1036 quam
1157 981 1286 1032 ante,
1323 973 1415 1021 etsi
1441 974 1601 1036 pleno,
1636 973 1808 1021 inerat.

435 1049 551 1096 Aeri
569 1057 731 1096 autem
750 1049 958 1108 incusso,
979 1057 1383 1112 quantuscunque
1405 1049 1446 1096 is
1469 1048 1546 1107 sit,
1565 1064 1628 1096 ne
1644 1064 1810 1097 rursus

436 1131 591 1182 exeat,
617 1125 813 1172 obstant
835 1125 1039 1171 valvulae
1062 1133 1176 1171 ante
1200 1131 1495 1182 memoratae,
1521 1139 1639 1187 quas
1657 1124 1813 1172 exitu-

436 1199 566 1245 riens
584 1215 667 1245 aer
681 1200 952 1247 necessario
977 1201 1141 1247 ambas
1161 1200 1358 1247 claudit.
1405 1200 1472 1246 At
1487 1215 1543 1246 eo
1557 1199 1810 1258 foramine,

389 1344 392 1345 ⁷
438 1274 569 1336 quod
610 1274 672 1321 ad
706 1290 869 1322 aerem
910 1275 1232 1322 emittendum
1254 1276 1437 1323 factum
1473 1283 1592 1334 erat,
1625 1283 1810 1338 aperto,

437 1349 603 1396 statim
625 1349 674 1397 vi
706 1366 884 1413 magna
919 1358 968 1397 et
990 1351 1149 1398 subito
1175 1367 1432 1414 erumpens
1456 1366 1538 1398 aer
1562 1350 1813 1414 globulum

436 1440 534 1470 una
569 1425 872 1472 velocissime
918 1425 1086 1488 abigit.
1177 1427 1336 1488 Hujus
1372 1426 1443 1473 rei
1480 1441 1674 1473 causam
1707 1441 1813 1473 esse

438 1514 549 1545 cum
587 1499 752 1546 multis
796 1500 1058 1558 crederem,
1092 1501 1222 1563 quod
1258 1501 1388 1548 idem
1425 1517 1508 1548 aer
1541 1501 1590 1548 in
1627 1516 1813 1548 canone

438 1574 578 1621 initio
615 1591 770 1633 rarus,
810 1575 985 1622 deinde
1031 1576 1314 1623 incutiendo
1361 1592 1522 1623 aerem
1560 1583 1814 1624 externum

440 1650 683 1707 densatus,
726 1666 891 1698 rursus
939 1650 1052 1698 dato
1095 1651 1228 1698 exitu
1273 1652 1537 1711 rarefieret,
1580 1651 1622 1698 si
1666 1650 1813 1698 modo

439 1724 701 1786 cogitabile
742 1733 868 1772 esset
913 1726 1121 1772 eundem
1161 1726 1321 1773 locum
1367 1742 1556 1789 semper
1599 1726 1813 1789 plenum,

438 1799 583 1846 modo
605 1800 713 1862 plus
737 1800 883 1847 modo
907 1801 1066 1847 minus
1095 1801 1315 1848 -materiae
1349 1801 1616 1860 continere,
1651 1800 1704 1848 id
1726 1807 1813 1858 est,

436 1874 581 1935 pleno
627 1874 894 1937 pleniorem
940 1891 1059 1932 esse,
1106 1876 1181 1923 vel
1227 1876 1267 1923 si
1320 1876 1576 1939 concipere
1620 1891 1815 1939 possem

438 1948 791 2011 plenitudinem
813 1952 968 2013 ipsam
992 1967 1190 1998 causam
1213 1958 1373 1998 motus
1398 1951 1687 1998 efficientem
1710 1966 1815 1998 esse

438 2040 598 2086 posse.
671 2025 768 2072 Sed
783 2033 1045 2088 utrumque
1068 2026 1363 2088 impossibile
1387 2033 1474 2073 est.
1526 2027 1591 2074 Et
1611 2025 1815 2089 proinde

439 2100 534 2146 alia
578 2100 885 2163 phaenomeni
943 2117 1089 2148 causa
1135 2100 1397 2164 quaerenda
1440 2108 1513 2148 est
1555 2100 1814 2164 possibilis.

441 2175 570 2222 Dum
594 2191 709 2238 ergo
734 2175 837 2223 ictu
859 2176 1017 2238 primo
1042 2176 1258 2238 aperitur
1291 2176 1397 2223 tubi
1419 2176 1611 2223 valvula
1643 2175 1815 2239 prima,

440 2250 734 2313 ingredienti
758 2251 858 2298 aeri
882 2258 1082 2298 externo
1098 2251 1282 2298 resistit
1305 2266 1387 2298 aer
1409 2251 1629 2298 internus
1643 2250 1817 2314 aequali

440 2326 504 2373 vi.
574 2326 652 2372 Fit
689 2342 805 2389 ergo
844 2326 973 2373 inter
1009 2327 1257 2373 internum
1291 2334 1340 2373 et
1375 2334 1630 2374 externum
1656 2341 1817 2373 aerem

441 2417 607 2463 pugna
654 2401 867 2464 quidem,
917 2410 966 2448 et
1011 2401 1210 2448 alterius
1252 2401 1570 2464 ingredientis
1620 2401 1816 2449 alterius

444 2476 736 2539 egredientis
776 2476 872 2523 duo
914 2483 1074 2523 motus
1110 2476 1357 2534 contrarii,
1396 2476 1530 2523 nulla
1566 2483 1729 2523 autem
1765 2475 1815 2522 in

443 2567 628 2598 canone
652 2551 773 2597 aeris
794 2551 1151 2614 augmentati03
1187 2551 1431 2609 nimirum,
1449 2558 1586 2598 tanto
1610 2558 1817 2599 exeunte

443 2643 568 2683 aere,
610 2633 811 2689 propter
847 2626 1222 2689 percussionem,
1269 2626 1396 2673 inter
1435 2626 1541 2673 tubi
1580 2626 1736 2673 latera
1769 2631 1818 2673 et

443 2702 701 2760 embolum,
728 2717 880 2763 eoque
904 2717 1026 2764 puro
1052 2718 1080 2748 a
1105 2701 1399 2763 corpusculis
1433 2701 1582 2758 duris,
1607 2707 1816 2764 quantus

443 2777 503 2823 ab
542 2777 644 2824 ictu
681 2777 1010 2824 incutiebatur
1050 2793 1149 2823 non
1185 2792 1351 2838 purus.
1421 2777 1465 2823 A
1500 2776 1664 2823 multis
1700 2791 1816 2839 ergo

443 2851 710 2914 validisque
734 2852 910 2899 ictibus
938 2852 1196 2915 augebitur
1227 2851 1357 2898 intus
1382 2851 1431 2898 in
1457 2867 1642 2898 canone
1666 2866 1816 2913 quan-
