1936 3262
1025 259 1053 285 X

383 370 537 426 Ingens
558 369 617 410 illi
638 369 786 411 mentis
808 370 935 411 robur
956 377 997 410 et
1019 379 1157 410 vastus
1177 367 1352 416 animus,
1386 367 1628 424 gravissima
1655 367 1768 424 cogi-

327 460 531 502 tationum
574 459 772 516 pondera,
818 458 1025 514 judicium
1064 473 1172 508 acre,
1222 457 1485 499 ratiocinium
1535 457 1768 500 incredibili

326 551 547 607 sagacitate
586 549 892 592 admirandum.
954 547 1069 589 Hinc
1107 547 1167 589 illi
1207 548 1251 588 in
1291 547 1471 590 scientiis
1510 547 1690 589 arduum
1727 557 1771 590 et

325 641 578 683 inaccessum
617 640 721 682 nihil
735 657 746 691 3
793 639 958 682 moralis
997 649 1039 680 et
1078 639 1209 681 civilis
1247 638 1483 695 prudentiae
1523 637 1689 680 culmen
1727 646 1770 680 et

324 730 536 788 fastigium
555 739 763 773 assecutus
784 739 871 781 est3
903 744 1043 771 rerum
1061 739 1255 771 naturam
1266 729 1526 787 penitissime
1541 729 1767 786 indagavit,

324 821 634 863 mathematicas
649 831 758 864 artes
770 820 1035 863 subtilissime
1048 820 1242 862 excoluit.
1306 819 1508 877 Magnam
1528 819 1769 877 linguarum

327 911 490 953 Graecae
522 911 770 968 Latinaeque
798 910 1003 966 peritiam,
1037 920 1078 952 et
1114 911 1154 951 in
1189 911 1400 952 hodiernis
1427 911 1770 953 exercitationem

324 1001 437 1043 haud
457 1002 708 1043 mediocrem
744 1010 860 1043 tanto
891 1002 980 1043 viro
1015 1001 1230 1043 adstruere
1263 1016 1616 1058 supervacaneum
1650 999 1770 1042 facile

326 1101 567 1142 censeatur3
610 1100 722 1133 certe
759 1091 983 1148 Anglicani
1018 1092 1218 1133 sermonis
1253 1091 1426 1148 genium
1457 1091 1562 1133 adeo
1596 1090 1770 1132 feliciter

324 1183 539 1238 expressit,
571 1192 618 1223 ut
638 1197 733 1223 cum
761 1181 1110 1237 praestantissimis
1144 1180 1280 1237 gentis
1311 1189 1466 1222 nostrae
1500 1179 1770 1236 scriptoribus

325 1272 600 1315 conferendus
650 1272 799 1314 veniat.
889 1271 1096 1327 Exemplo
1137 1271 1189 1312 sit
1237 1270 1503 1326 gravissimus
1551 1269 1770 1311 historicus

326 1361 609 1419 Thucydides,
648 1377 785 1418 quem,
820 1362 885 1403 vel
920 1362 1043 1418 ipsis†
1073 1362 1282 1404 veteribus
1317 1361 1632 1410 subobscurum,
1665 1358 1770 1402 adeo

325 1454 553 1511 perspicue,
576 1453 680 1495 adeo
699 1462 872 1494 venuste
892 1462 934 1494 et
957 1452 1171 1509 eleganter
1191 1451 1416 1501 transtulit,
1441 1460 1486 1492 ut
1506 1449 1611 1492 nihil
1631 1464 1769 1507 supra.

327 1544 441 1593 Quid
463 1544 516 1586 de
535 1545 648 1600 poesi
667 1542 837 1586 dicam?
866 1544 910 1584 in
930 1559 1013 1600 qua
1039 1543 1210 1585 divitem
1242 1552 1435 1584 naturam
1468 1542 1527 1584 ita
1557 1541 1695 1583 studio
1727 1550 1769 1583 et

325 1635 542 1692 praeceptis
562 1635 660 1676 artis
681 1634 891 1690 expolivit,
926 1643 972 1675 ut
1003 1641 1168 1690 poetam
1200 1642 1344 1690 ageret
1377 1647 1464 1674 non
1498 1631 1705 1674 infelicem
1727 1641 1770 1674 et

325 1726 447 1768 simul
494 1733 662 1781 po'esews
706 1725 892 1781 judicem
932 1740 1155 1767 summum.
1234 1724 1438 1781 Cogitatis
1475 1722 1626 1780 polluit
1663 1722 1769 1765 adeo

325 1817 444 1859 claris
477 1826 518 1858 et
551 1816 791 1872 perspicuis,
828 1825 875 1858 ut
906 1816 1071 1873 dogma,
1109 1815 1210 1857 dum
1237 1815 1497 1871 proponitur,
1520 1814 1564 1855 in
1585 1823 1770 1855 mentem

325 1907 519 1964 cuiquam
560 1906 744 1948 incidere
782 1906 977 1963 potuisse,
1028 1906 1128 1948 dum
1183 1906 1398 1962 probatur,
1450 1919 1536 1946 non
1574 1903 1769 1946 omnibus

326 1997 539 2054 cognitum
568 1996 704 2046 fuisse,
733 1996 893 2038 mireris
905 2013 916 2047 3
948 2005 1112 2038 tantum
1132 1995 1269 2051 potuit
1288 1994 1466 2036 elocutio
1486 1993 1565 2050 ipsi
1584 1993 1765 2050 proprIa.

328 2087 422 2128 Hoc
458 2086 626 2143 quidem
659 2086 712 2127 de
744 2085 813 2128 illo
849 2101 944 2128 vere
978 2085 1196 2142 praedicari
1230 2094 1378 2141 potest,
1415 2084 1500 2126 sive
1531 2083 1664 2126 soluta
1696 2098 1768 2126 seu

325 2178 508 2220 numeris
535 2178 701 2219 astricta
732 2178 918 2219 oratione
951 2186 1151 2226 uteretur,
1196 2190 1490 2232 quamcunque
1524 2175 1604 2217 sibi
1637 2182 1768 2216 mate-

325 2269 430 2310 riam
463 2268 722 2310 tractandam
754 2268 944 2324 suscepit,
979 2267 1092 2309 illam
1127 2267 1346 2323 insigniter
1365 2281 1569 2309 exornare
1600 2275 1643 2308 et
1661 2266 1768 2308 miro

326 2359 508 2416 quodam
541 2359 687 2415 spiritu
720 2358 905 2422 animare
941 2357 1172 2399 videbatur.
1235 2356 1351 2405 Quid
1371 2371 1607 2398 recenseam
1626 2355 1768 2398 multi-

324 2449 473 2505 plicem
495 2450 538 2490 in
559 2449 673 2491 omni
693 2463 799 2505 pene
820 2448 992 2490 materia
1021 2448 1270 2504 scriptorum
1300 2447 1475 2503 copiam,
1511 2446 1767 2504 paradoxam

325 2540 568 2596 opinionum
589 2539 818 2589 veritatem,
856 2553 1060 2580 summam
1096 2536 1208 2593 apud
1243 2536 1449 2593 principes
1480 2546 1523 2578 et
1553 2545 1767 2593 magnates

324 2630 514 2686 gratiam,
552 2630 661 2671 inter
692 2629 875 2671 eruditos
910 2629 1062 2670 famam
1096 2627 1179 2669 late
1213 2627 1418 2678 diffusam,
1455 2627 1551 2669 licet
1583 2627 1766 2684 partium

324 2721 469 2762 studiis
490 2721 532 2761 in
554 2720 761 2762 contraria
780 2719 982 2770 discissis;
1015 2719 1078 2760 his
1111 2718 1371 2768 mirantibus,
1407 2717 1686 2768 laudantibus,
1723 2725 1766 2758 et

522 2862 540 2899 †
558 2860 711 2897 Ciceroni,
730 2859 884 2901 Dionysio
903 2859 1185 2898 Halicarnassensi,
1205 2858 1410 2899 Hermogeni,
1427 2858 1550 2890 Photio.
