1910 3256
166 367 280 399 PARS
307 367 363 400 lv,

234 413 286 441 28.

172 1254 175 1257 “
216 1267 316 1307 Origo

213 1311 392 1342 fluviorum.

413 242 506 284 394
978 251 1230 285 PHYsmA.

411 361 589 409 mirum
619 363 680 409 ab
713 362 886 411 elicitis
920 379 1019 411 non
1051 363 1199 411 modo
1224 379 1251 410 e
1281 371 1428 422 terra,
1463 363 1550 411 sed
1583 364 1730 412 etiam
1764 381 1796 413 e

410 437 620 500 planetis
645 439 832 486 caeteris
859 438 1138 501 vaporibuS,
1176 445 1224 486 et
1246 445 1418 501 postea
1440 439 1492 486 in
1510 455 1663 487 unum
1685 456 1793 488 cor-

411 528 502 575 pus
521 513 807 561 continuum
822 513 1104 576 congelatis,
1120 513 1216 560 nisi
1232 530 1384 561 unum
1408 514 1625 562 obstaret
1642 515 1797 563 stellae

411 604 552 636 novae
574 588 626 636 in
641 589 902 651 Cassiopea
926 589 1038 635 visae
1054 587 1430 650 phaenomenon.
1478 589 1607 636 Nam
1625 588 1793 637 caudae

412 680 624 712 comaeve
660 664 874 711 rationes
903 662 1055 726 probe
1087 663 1330 726 explicare
1353 679 1560 726 possem,
1597 669 1646 711 et
1667 679 1796 727 prae-

410 746 544 786 terea
573 746 810 787 motuum.
895 738 993 786 Sed
1025 754 1137 785 cum
1174 738 1259 786 illa
1290 739 1432 786 stella
1462 754 1551 801 per
1581 738 1794 786 sedecim

409 821 540 862 totos
563 830 754 862 menses
790 815 843 862 in
878 814 1052 862 eodem
1073 814 1182 861 loco
1207 814 1335 861 inter
1356 815 1478 862 fixas
1510 821 1794 863 constanter

411 889 762 952 perduraverit,
787 892 1043 937 materiam
1067 890 1171 952 ejus
1197 890 1404 953 glaciem
1420 889 1794 938 fuisse‘credere

410 980 511 1012 non
546 980 760 1027 possum.
834 964 1238 1028 Disquisitionem
1281 981 1397 1028 ergo
1435 965 1496 1013 de
1531 981 1678 1013 causa
1711 980 1796 1013 co-

410 1046 652 1087 metarum
686 1039 923 1087 intactam
948 1040 1156 1103 posteris
1192 1039 1432 1103 relinquo.
1502 1040 1631 1088 Nam
1661 1040 1797 1104 quod

411 1115 471 1162 de
495 1115 606 1174 illis,
629 1121 809 1177 praeter
829 1114 1056 1162 historias
1088 1115 1262 1173 nudas,
1298 1115 1535 1163 hactenus
1558 1115 1794 1179 scriptum

411 1196 559 1248 extat,
586 1189 978 1237 consideratione
1002 1190 1205 1253 dignum
1227 1206 1327 1237 non
1351 1198 1439 1238 est.

483 1270 556 1312 18.
607 1265 887 1313 Fluviorum
940 1266 1152 1328 origines
1197 1265 1258 1313 ab
1303 1281 1430 1328 aqua
1473 1265 1673 1328 pluviali
1716 1265 1795 1313 vel

408 1340 785 1403 liquescentibus
818 1340 1011 1388 nivibus
1046 1340 1290 1399 facillime,
1325 1340 1521 1388 aliunde
1557 1341 1636 1388 vel
1670 1341 1795 1389 diffi-

410 1415 586 1462 cillime
603 1415 681 1463 vel
699 1431 800 1462 non
815 1416 1014 1463 omnino
1034 1415 1210 1463 deduci
1225 1423 1444 1479 possunt.
1514 1416 1797 1464 Decurrunt

411 1491 542 1539 enim
563 1507 651 1554 per
684 1490 890 1538 declivia
918 1491 1160 1539 montium
1193 1506 1332 1553 aquae
1364 1490 1543 1554 pluviae
1577 1498 1628 1539 et
1660 1491 1796 1539 colli-

413 1573 572 1629 quatae
617 1567 784 1621 nives;
840 1582 949 1630 quae
995 1567 1035 1614 si
1079 1582 1170 1629 per
1213 1567 1446 1614 extimam
1490 1566 1796 1630 superficiem

411 1642 591 1690 montis
628 1642 928 1700 deferantur,
966 1642 1059 1705 ipsi
1088 1642 1268 1689 imbres
1291 1642 1368 1689 vel
1389 1642 1525 1689 nives
1546 1657 1636 1705 pro
1658 1641 1798 1690 fonte

412 1718 758 1765 censebuntur.
835 1717 924 1764 Sin
967 1725 1148 1764 terram
1190 1717 1452 1764 subeuntes
1498 1716 1797 1766 descendant

412 1800 571 1851 tectae,
595 1799 715 1840 tunc
737 1792 823 1839 ubi
843 1792 1055 1855 primum
1074 1799 1350 1855 erumpunt,
1374 1792 1442 1839 ibi
1463 1792 1625 1840 fontes
1649 1799 1764 1840 sunt
1779 1812 1796 1846 ;

416 1885 476 1916 ex
522 1868 697 1931 quibus
742 1867 902 1926 rivuli,
949 1883 1009 1914 ex
1054 1867 1221 1914 rivulis
1267 1867 1622 1915 confluentibus
1668 1868 1795 1915 fiunt

413 1943 565 1991 fluvii.
634 1943 761 1990 Fons
784 1950 964 2000 autem,
989 1943 1072 2004 qui
1098 1942 1253 2005 magis
1281 1943 1359 1990 vel
1387 1959 1526 2006 aeque
1560 1959 1590 1991 a
1623 1949 1799 1993 centro.

413 2026 559 2066 terrae
598 2026 817 2066 remotus
858 2025 933 2065 est
975 2034 1032 2065 ac
1075 2014 1170 2065 fuit
1214 2034 1340 2081 aqua
1381 2034 1489 2081 quae
1534 2018 1597 2066 ad
1635 2019 1796 2081 ipsum

412 2093 625 2152 fluxerit,
649 2100 871 2156 repertus
893 2109 1133 2155 nusquam
1169 2099 1256 2140 est.
1325 2093 1454 2140 Nam
1477 2093 1610 2156 quod
1629 2094 1795 2157 magni

412 2169 622 2216 nominis
676 2168 995 2232 philosophus
1038 2167 1238 2231 quidam
1283 2168 1478 2231 objecit,
1524 2169 1595 2216 in·
1620 2169 1795 2217 Monte

416 2244 614 2292 Cenisio
629 2259 835 2302 summo,
857 2243 939 2306 qui
954 2244 1101 2291 Mons
1116 2243 1410 2291 Sabaudiam
1428 2261 1458 2292 a
1475 2244 1795 2292 Pedemontio

415 2319 740 2378 disterminat,
764 2328 996 2366 nascatur
1016 2318 1192 2366 fluvius
1217 2319 1298 2381 qui
1321 2335 1410 2382 per
1427 2319 1601 2367 Susam
1623 2319 1796 2367 decur-

413 2395 496 2454 rit,
519 2411 622 2443 non
646 2402 721 2443 est
734 2410 919 2442 verum.
990 2394 1118 2441 Nam
1135 2394 1284 2442 fluvio
1304 2394 1375 2441 illi
1391 2395 1621 2458 utrinque
1634 2401 1796 2442 astant

411 2477 604 2518 montes
629 2469 812 2532 magni,
837 2469 985 2533 idque
1014 2484 1102 2532 per
1129 2468 1225 2516 duo
1259 2468 1411 2516 millia
1434 2485 1679 2532 passuum,
1710 2469 1794 2532 qui

412 2552 605 2593 montes
649 2545 843 2592 nivibus
883 2551 1119 2608 perpetuo
1163 2544 1266 2591 fere
1310 2545 1428 2592 tecti
1473 2553 1620 2600 sunt;
1661 2544 1795 2592 unde

413 2620 723 2668 decurrentes
759 2621 917 2668 rivuli.
931 2619 1306 2667 innumerabiles
1337 2620 1486 2668 fluvio
1516 2636 1665 2683 aquas
1690 2635 1795 2667 ma·-

412 2696 603 2755 nffeste,
622 2703 671 2744 et
692 2711 783 2759 pro
802 2694 1138 2759 magnitudine
1163 2695 1265 2757 ejus
1292 2694 1484 2742 abunde
1506 2695 1746 2758 praebent:
1787 2727 1792 2736 ι
