1910 3256
220 329 334 360 PARS
360 329 416 361 IV.

288 373 340 403 26.

185 464 258 495 Alia
279 465 425 505 quaedam

185 514 370 547 argumenta
387 508 426 539 ad

184 561 320 582 vacuum
331 561 449 591 ponen-

184 594 261 624 dum
276 594 423 626 invalida.

467 206 561 249 346
1028 220 1282 254 PHYsmA.

466 333 696 374 conatum
719 329 931 376 omnium
969 329 1143 377 inclusi
1173 331 1297 379 aeris
1330 332 1560 394 partium,
1594 349 1682 396 per
1714 349 1845 382 vlam-

465 401 813 461 brevissimam,
838 420 1004 451 versus
1027 404 1245 453 foramen
1269 407 1400 469 quod
1423 414 1496 454 est
1514 407 1565 454 in
1590 408 1645 455 Β.
1719 409 1841 458 Haec

465 476 665 540 inquam
700 486 801 526 tam
841 479 1099 527 manifesta
1137 488 1265 540 sunt,
1308 498 1452 544 quam
1498 482 1629 544 quod
1675 498 1773 542 aer,
1811 501 1842 532 a

464 551 617 600 fundo
671 554 885 601 fluminis
943 563 1207 615 eructatus,
1264 573 1352 620 per
1397 573 1574 620 aquam
1616 565 1842 620 penetret

465 628 796 692 cujuscunque
854 630 1141 678 altitudinis.
1244 631 1478 679 Nondum
1534 648 1651 696 ergo
1698 632 1840 681 video

466 720 662 752 causam
684 705 849 763 ullam,
884 721 1033 768 quare
1062 722 1157 767 quo
1193 714 1413 770 tempore
1447 724 1575 771 aqua
1607 707 1840 770 injicitur,

464 795 564 826 non
587 781 742 842 possit
765 796 849 828 aer
873 781 1044 829 eodem
1067 788 1287 844 tempore
1311 790 1360 830 et
1386 782 1556 830 eadem
1578 782 1672 842 via,
1699 782 1760 831 ab
1784 798 1842 831 ea

464 854 513 902 vi
535 855 786 917 injiciente
812 856 936 919 ejici.

533 930 680 978 Quod
725 938 890 978 autem
934 931 1076 979 vacui
1123 932 1466 979 necessitatem
1504 948 1535 980 a
1574 932 1840 996 rejectione

465 1021 604 1068 aquae
627 1022 831 1069 arguere
853 1007 1052 1062 volunt;
1089 1023 1254 1070 quaero
1285 1007 1460 1071 primo,
1483 1007 1645 1070 posito
1667 1023 1839 1066 vacuo,

466 1097 562 1143 quo
607 1081 848 1144 principio
894 1089 1056 1130 motus
1104 1082 1279 1145 ejectio
1333 1082 1417 1130 illa
1454 1081 1582 1130 fiat?
1666 1082 1840 1130 Motus

466 1156 662 1218 quidem
684 1156 765 1203 ille
788 1157 849 1204 ab
877 1157 1008 1204 intra
1037 1157 1100 1204 ad
1124 1165 1264 1205 extra
1295 1157 1403 1204 fieri
1426 1173 1527 1205 non
1559 1164 1724 1220 potest
1744 1157 1840 1205 nisi

465 1231 526 1278 ab
555 1239 733 1294 agente
764 1231 896 1279 intra
917 1248 1017 1291 vas,
1055 1232 1107 1279 id
1143 1240 1232 1291 est,
1266 1233 1327 1279 ab
1360 1232 1467 1295 ipso
1501 1247 1629 1280 aere.
1699 1232 1840 1280 Aeris

464 1313 630 1354 autem
670 1306 798 1354 illius
843 1314 1021 1365 motus,
1069 1324 1214 1370 quem
1257 1308 1407 1355 habet
1434 1307 1511 1356 :ab
1555 1307 1840 1371 insurgente

464 1397 606 1444 aqua,
631 1398 661 1428 a
682 1381 836 1429 fundo
860 1382 1047 1445 incipit,
1081 1382 1144 1430 ad
1179 1398 1421 1430 summum
1455 1382 1644 1437 tendit;
1679 1389 1842 1431 motus
1882 1383 1892 1390 ”’

464 1464 645 1514 autem,
671 1472 767 1519 quo
797 1473 974 1519 aquam
997 1456 1145 1520 ejicit,
1181 1474 1211 1504 a
1234 1473 1422 1504 summo
1457 1456 1672 1520 incipere
1695 1456 1842 1505 debet

464 1538 515 1579 et
570 1531 771 1579 tendere
827 1531 891 1579 ad
941 1531 1160 1579 fundum.
1254 1532 1398 1580 Unde
1442 1531 1594 1594 igitur
1633 1531 1685 1579 in
1730 1547 1842 1580 aere

464 1606 652 1655 incluso
687 1607 843 1655 oritur
867 1615 1072 1655 conatus
1095 1623 1264 1655 versus
1287 1605 1526 1654 fundum?
1596 1606 1730 1655 Quid
1760 1607 1841 1655 hic
1883 1656 1888 1659 ,

465 1681 561 1729 dici
585 1681 756 1745 possit,
781 1682 874 1729 nisi
894 1682 1001 1745 quis
1025 1698 1187 1730 aerem
1210 1682 1274 1729 ad
1307 1681 1642 1745 expellendam
1664 1697 1842 1745 aquam

465 1757 760 1804 descendere
792 1757 923 1804 ultro
958 1757 1104 1815 dicat,
1141 1772 1241 1804 non
1275 1756 1526 1820 intelliget·
1562 1755 1694 1818 quod
1728 1756 1842 1820 quia

464 1832 730 1880 absurdum
754 1839 845 1891 est,
877 1832 1152 1894 habeatque
1174 1847 1257 1878 aer
1287 1838 1401 1894 post
1423 1830 1635 1878 infusam
1663 1847 1841 1895 aquam

465 1915 660 1955 tantum
703 1908 815 1966 loci,
863 1915 1100 1970 quantum
1141 1908 1244 1970 ejus
1283 1906 1501 1969 postulat
1535 1906 1840 1969 magnitudo,

462 1983 598 2031 nulla
647 1984 846 2031 omnino
894 1999 1041 2030 causa
1085 1983 1177 2030 erit
1219 1997 1366 2044 quare
1406 1981 1665 2044 ejiceretur
1699 1997 1840 2045 aqua.

467 2060 658 2123 Pugnat
703 2075 820 2123 ergo
857 2059 999 2106 vacui
1035 2058 1239 2106 assertio
1285 2073 1397 2104 cum
1440 2056 1562 2119 ipso,
1603 2056 1735 2120 quod
1777 2057 1839 2105 ad

465 2135 778 2183 asserendum
800 2151 1007 2182 vacuum
1031 2133 1306 2191 adducitur,
1331 2132 1679 2195 experimento.

532 2211 693 2258 Multa
720 2211 815 2258 alia
849 2210 912 2258 ad
942 2209 1248 2273 probandum
1283 2224 1490 2255 vacuum
1520 2207 1841 2270 phaenomena

466 2286 629 2334 afferri
658 2286 831 2344 solent,
865 2293 921 2333 ut
953 2285 1317 2341 thermometra,
1355 2282 1603 2346 aeolipylae,
1636 2281 1838 2344 sclopeti

468 2361 731 2416 ventanei3
776 2377 884 2423 quae
920 2359 1132 2423 quidem,
1168 2359 1208 2406 si
1246 2358 1346 2405 aeri
1378 2357 1547 2420 pervia
1578 2373 1707 2420 aqua
1737 2372 1837 2404 non

464 2444 607 2494 esset,
628 2436 730 2483 sine
753 2435 848 2482 loci
871 2435 1028 2482 inanis
1052 2433 1344 2481 admissione
1364 2432 1641 2480 difficillime
1663 2431 1836 2480 salvari

463 2519 678 2575 possent.
723 2511 868 2558 Nunc
892 2518 1072 2568 autem,
1094 2526 1205 2557 cum
1227 2524 1310 2555 aer
1332 2524 1423 2555 nec
1441 2524 1619 2571 magno
1639 2514 1833 2566 conatu,

463 2603 564 2634 non
587 2586 734 2634 modo
756 2601 844 2648 per
867 2601 1057 2647 aquam,
1089 2583 1175 2631 sed
1199 2582 1345 2630 etiam
1367 2598 1455 2645 per
1478 2582 1682 2646 quodvis
1705 2580 1838 2629 aliud-

465 2661 946 2709 contumacissimum
963 2659 1214 2722 liquidum,
1231 2658 1385 2720 qualis
1405 2665 1477 2705 est
1490 2657 1832 2721 hydrargyruS‚

460 2753 710 2798 permeare
743 2736 914 2799 possit,
950 2735 1071 2782 nihil
1103 2735 1328 2797 probant.
1396 2734 1724 2781 Veruntamen
1757 2747 1832 2778 ra-

460 2812 606 2859 tionis
631 2820 720 2869 est,
740 2820 796 2859 ut
819 2812 875 2871 is,
898 2812 980 2874 qui
999 2826 1205 2859 vacuum
1229 2809 1505 2858 sublaturus
1523 2816 1612 2868 est,
1629 2807 1841 2871 praedic-¹
