<?xml version="1.0" encoding="UTF-8"?>
<!DOCTYPE html PUBLIC "-//W3C//DTD XHTML 1.0 Transitional//EN"
    "http://www.w3.org/TR/xhtml1/DTD/xhtml1-transitional.dtd">
<html xmlns="http://www.w3.org/1999/xhtml" xml:lang="en" lang="en">
 <head>
  <title>
</title>
<meta http-equiv="Content-Type" content="text/html;charset=utf-8" />
  <meta name='ocr-system' content='tesseract 3.04.00' />
  <meta name='ocr-capabilities' content='ocr_page ocr_carea ocr_par ocr_line ocrx_word'/>
</head>
<body>
  <div class='ocr_page' id='page_1' title='image "./operaphilosophic01hobbuoft_0226.png"; bbox 0 0 1936 3262; ppageno 0'>
   <div class='ocr_carea' id='block_1_1' title="bbox 487 275 1418 324">
    <p class='ocr_par' dir='ltr' id='par_1_1' title="bbox 487 275 1418 324">
     <span class='ocr_line' id='line_1_1' title="bbox 487 275 1418 324; baseline 0.006 -6"><span class='ocrx_word' id='word_1_1' title='bbox 487 275 574 319; x_wconf 86' lang='lat'><em>102</em></span> <span class='ocrx_word' id='word_1_2' title='bbox 832 289 1204 323; x_wconf 82' lang='lat' dir='ltr'>PHILOSOPHIA</span> <span class='ocrx_word' id='word_1_3' title='bbox 1230 291 1418 324; x_wconf 78' lang='lat' dir='ltr'><em>PnlMA.</em></span> 
     </span>
    </p>
   </div>
   <div class='ocr_carea' id='block_1_2' title="bbox 229 399 1897 1741">
    <p class='ocr_par' dir='ltr' id='par_1_2' title="bbox 261 399 1846 615">
     <span class='ocr_line' id='line_1_2' title="bbox 261 399 1844 474; baseline 0.006 -31"><span class='ocrx_word' id='word_1_4' title='bbox 261 401 374 474; x_wconf 38' lang='lat' dir='ltr'><em>nugs</em></span> <span class='ocrx_word' id='word_1_5' title='bbox 399 401 446 433; x_wconf 84' lang='lat'><em>11·</em></span> <span class='ocrx_word' id='word_1_6' title='bbox 485 413 621 460; x_wconf 87' lang='lat' dir='ltr'><em>aeque</em></span> <span class='ocrx_word' id='word_1_7' title='bbox 647 399 917 454; x_wconf 84' lang='lat' dir='ltr'><em>velocibus3</em></span> <span class='ocrx_word' id='word_1_8' title='bbox 952 407 1114 448; x_wconf 91' lang='lat' dir='ltr'><em>motus</em></span> <span class='ocrx_word' id='word_1_9' title='bbox 1138 401 1289 450; x_wconf 87' lang='lat' dir='ltr'><em>totius</em></span> <span class='ocrx_word' id='word_1_10' title='bbox 1313 403 1406 450; x_wconf 88' lang='lat' dir='ltr'><em>erit</em></span> <span class='ocrx_word' id='word_1_11' title='bbox 1429 402 1627 466; x_wconf 88' lang='lat' dir='ltr'><em>aequalis</em></span> <span class='ocrx_word' id='word_1_12' title='bbox 1658 402 1844 453; x_wconf 88' lang='lat' dir='ltr'><em>duobus</em></span> 
     </span>
     <span class='ocr_line' id='line_1_3' title="bbox 271 467 1844 542; baseline 0.006 -24"><span class='ocrx_word' id='word_1_13' title='bbox 271 467 432 512; x_wconf 34' lang='grc' dir='ltr'>ῳ</span> <span class='ocrx_word' id='word_1_14' title='bbox 484 473 724 542; x_wconf 60' lang='lat' dir='ltr'><em>motibus,</em></span> <span class='ocrx_word' id='word_1_15' title='bbox 745 490 951 536; x_wconf 90' lang='lat' dir='ltr'><em>quorum</em></span> <span class='ocrx_word' id='word_1_16' title='bbox 969 483 1175 538; x_wconf 85' lang='lat' dir='ltr'><em>uterque</em></span> <span class='ocrx_word' id='word_1_17' title='bbox 1198 485 1273 525; x_wconf 90' lang='lat' dir='ltr'><em>est</em></span> <span class='ocrx_word' id='word_1_18' title='bbox 1307 493 1443 540; x_wconf 87' lang='lat' dir='ltr'><em>aeque</em></span> <span class='ocrx_word' id='word_1_19' title='bbox 1467 493 1525 525; x_wconf 88' lang='lat' dir='ltr'><em>ac</em></span> <span class='ocrx_word' id='word_1_20' title='bbox 1547 477 1652 541; x_wconf 87' lang='lat' dir='ltr'><em>ipse</em></span> <span class='ocrx_word' id='word_1_21' title='bbox 1675 478 1844 535; x_wconf 88' lang='lat' dir='ltr'><em>velox;</em></span> 
     </span>
     <span class='ocr_line' id='line_1_4' title="bbox 485 541 1846 615; baseline 0.006 -21"><span class='ocrx_word' id='word_1_22' title='bbox 485 548 649 611; x_wconf 87' lang='lat' dir='ltr'><em>itaque</em></span> <span class='ocrx_word' id='word_1_23' title='bbox 679 541 810 596; x_wconf 86' lang='lat' dir='ltr'><em>aliud</em></span> <span class='ocrx_word' id='word_1_24' title='bbox 834 557 907 597; x_wconf 86' lang='lat' dir='ltr'><em>est</em></span> <span class='ocrx_word' id='word_1_25' title='bbox 931 558 1093 598; x_wconf 89' lang='lat' dir='ltr'><em>motus</em></span> <span class='ocrx_word' id='word_1_26' title='bbox 1117 551 1237 600; x_wconf 91' lang='lat' dir='ltr'><em>duos</em></span> <span class='ocrx_word' id='word_1_27' title='bbox 1268 553 1478 615; x_wconf 87' lang='lat' dir='ltr'><em>aequales</em></span> <span class='ocrx_word' id='word_1_28' title='bbox 1501 553 1631 600; x_wconf 89' lang='lat' dir='ltr'><em>inter</em></span> <span class='ocrx_word' id='word_1_29' title='bbox 1653 568 1704 601; x_wconf 88' lang='lat' dir='ltr'><em>se</em></span> <span class='ocrx_word' id='word_1_30' title='bbox 1727 569 1846 614; x_wconf 86' lang='lat' dir='ltr'><em>esse,</em></span> 
     </span>
    </p>

    <p class='ocr_par' dir='ltr' id='par_1_3' title="bbox 485 622 1848 692">
     <span class='ocr_line' id='line_1_5' title="bbox 485 622 1848 692; baseline 0.005 -23"><span class='ocrx_word' id='word_1_31' title='bbox 485 622 617 671; x_wconf 88' lang='lat' dir='ltr'><em>aliud</em></span> <span class='ocrx_word' id='word_1_32' title='bbox 651 639 788 686; x_wconf 86' lang='lat' dir='ltr'><em>aeque</em></span> <span class='ocrx_word' id='word_1_33' title='bbox 821 625 1039 680; x_wconf 86' lang='lat' dir='ltr'><em>veloces;</em></span> <span class='ocrx_word' id='word_1_34' title='bbox 1079 634 1135 674; x_wconf 92' lang='lat' dir='ltr'><em>ut</em></span> <span class='ocrx_word' id='word_1_35' title='bbox 1167 627 1479 675; x_wconf 88' lang='lat' dir='ltr'><em>manifestum</em></span> <span class='ocrx_word' id='word_1_36' title='bbox 1511 635 1586 675; x_wconf 85' lang='lat' dir='ltr'><em>est</em></span> <span class='ocrx_word' id='word_1_37' title='bbox 1617 628 1669 675; x_wconf 92' lang='lat' dir='ltr'><em>in</em></span> <span class='ocrx_word' id='word_1_38' title='bbox 1706 627 1848 692; x_wconf 84' lang='lat' dir='ltr'>bigis,</span> 
     </span>
    </p>

    <p class='ocr_par' dir='ltr' id='par_1_4' title="bbox 484 694 1876 917">
     <span class='ocr_line' id='line_1_6' title="bbox 484 694 1848 766; baseline 0.004 -21"><span class='ocrx_word' id='word_1_39' title='bbox 484 694 578 745; x_wconf 63' lang='lat' dir='ltr'><em>ubi&#39;</em></span> <span class='ocrx_word' id='word_1_40' title='bbox 621 707 782 746; x_wconf 87' lang='lat' dir='ltr'><em>motus</em></span> <span class='ocrx_word' id='word_1_41' title='bbox 838 699 1032 762; x_wconf 91' lang='lat' dir='ltr'><em>quidem</em></span> <span class='ocrx_word' id='word_1_42' title='bbox 1088 701 1341 749; x_wconf 88' lang='lat' dir='ltr'><em>amborum</em></span> <span class='ocrx_word' id='word_1_43' title='bbox 1396 702 1538 750; x_wconf 90' lang='lat' dir='ltr'><em>simul</em></span> <span class='ocrx_word' id='word_1_44' title='bbox 1599 718 1848 766; x_wconf 88' lang='lat' dir='ltr'><em>equorum,</em></span> 
     </span>
     <span class='ocr_line' id='line_1_7' title="bbox 484 773 1850 841; baseline 0.004 -21"><span class='ocrx_word' id='word_1_45' title='bbox 484 773 715 821; x_wconf 83' lang='lat' dir='ltr'>utriusvis</span> <span class='ocrx_word' id='word_1_46' title='bbox 759 775 914 822; x_wconf 83' lang='lat' dir='ltr'><em>motui</em></span> <span class='ocrx_word' id='word_1_47' title='bbox 971 792 1108 839; x_wconf 85' lang='lat' dir='ltr'><em>aeque</em></span> <span class='ocrx_word' id='word_1_48' title='bbox 1152 777 1294 824; x_wconf 86' lang='lat' dir='ltr'><em>velox</em></span> <span class='ocrx_word' id='word_1_49' title='bbox 1340 785 1429 837; x_wconf 89' lang='lat' dir='ltr'><em>est,</em></span> <span class='ocrx_word' id='word_1_50' title='bbox 1487 779 1644 841; x_wconf 87' lang='lat' dir='ltr'><em>major</em></span> <span class='ocrx_word' id='word_1_51' title='bbox 1687 775 1850 826; x_wconf 84' lang='lat' dir='ltr'><em>autem</em></span> 
     </span>
     <span class='ocr_line' id='line_1_8' title="bbox 486 850 1876 917; baseline 0.005 -22"><span class='ocrx_word' id='word_1_52' title='bbox 486 850 738 896; x_wconf 89' lang='lat' dir='ltr'><em>amborum</em></span> <span class='ocrx_word' id='word_1_53' title='bbox 762 866 906 912; x_wconf 89' lang='lat' dir='ltr'><em>quam</em></span> <span class='ocrx_word' id='word_1_54' title='bbox 928 851 1071 898; x_wconf 89' lang='lat' dir='ltr'><em>unius</em></span> <span class='ocrx_word' id='word_1_55' title='bbox 1095 859 1256 899; x_wconf 85' lang='lat' dir='ltr'><em>motus</em></span> <span class='ocrx_word' id='word_1_56' title='bbox 1281 859 1369 912; x_wconf 89' lang='lat' dir='ltr'><em>est,</em></span> <span class='ocrx_word' id='word_1_57' title='bbox 1395 853 1580 900; x_wconf 87' lang='lat' dir='ltr'><em>seilicet</em></span> <span class='ocrx_word' id='word_1_58' title='bbox 1609 852 1692 901; x_wconf 90' lang='lat' dir='ltr'><em>ille</em></span> <span class='ocrx_word' id='word_1_59' title='bbox 1708 853 1850 917; x_wconf 83' lang='lat' dir='ltr'><em>hujus</em></span> <span class='ocrx_word' id='word_1_60' title='bbox 1872 863 1876 865; x_wconf 71' lang='grc'><strong><em>’</em></strong></span> 
     </span>
    </p>

    <p class='ocr_par' dir='ltr' id='par_1_5' title="bbox 488 919 1911 1442">
     <span class='ocr_line' id='line_1_9' title="bbox 488 919 1854 992; baseline 0.004 -22"><span class='ocrx_word' id='word_1_61' title='bbox 488 924 661 987; x_wconf 91' lang='lat' dir='ltr'><em>duplus</em></span> <span class='ocrx_word' id='word_1_62' title='bbox 686 932 775 983; x_wconf 88' lang='lat' dir='ltr'><em>est,</em></span> <span class='ocrx_word' id='word_1_63' title='bbox 810 925 1029 989; x_wconf 75' lang='lat' dir='ltr'><em>oequales</em></span> <span class='ocrx_word' id='word_1_64' title='bbox 1053 926 1218 989; x_wconf 86' lang='lat' dir='ltr'><em>itaque</em></span> <span class='ocrx_word' id='word_1_65' title='bbox 1241 934 1394 975; x_wconf 75' lang='lat' dir='ltr'><em>motus</em></span> <span class='ocrx_word' id='word_1_66' title='bbox 1420 919 1713 992; x_wconf 47' lang='lat' dir='ltr'><em>*simpliciter</em></span> <span class='ocrx_word' id='word_1_67' title='bbox 1736 935 1854 976; x_wconf 71' lang='lat' dir='ltr'><em>&#39;esse</em></span> 
     </span>
     <span class='ocr_line' id='line_1_10' title="bbox 489 997 1853 1066; baseline 0.005 -22"><span class='ocrx_word' id='word_1_68' title='bbox 489 998 710 1057; x_wconf 76' lang='lat' dir='ltr'><em>dicimus,</em></span> <span class='ocrx_word' id='word_1_69' title='bbox 758 1016 862 1046; x_wconf 82' lang='lat' dir='ltr'><em>eam</em></span> <span class='ocrx_word' id='word_1_70' title='bbox 906 1000 1048 1047; x_wconf 76' lang='lat' dir='ltr'><em>anias</em></span> <span class='ocrx_word' id='word_1_71' title='bbox 1093 1001 1330 1049; x_wconf 74' lang='lat' dir='ltr'><em>velocitas</em></span> <span class='ocrx_word' id='word_1_72' title='bbox 1377 1018 1479 1066; x_wconf 79' lang='lat' dir='ltr'><em>per</em></span> <span class='ocrx_word' id='word_1_73' title='bbox 1523 1019 1704 1050; x_wconf 87' lang='lat' dir='ltr'><em>omnem</em></span> <span class='ocrx_word' id='word_1_74' title='bbox 1748 997 1853 1066; x_wconf 74' lang='lat' dir='ltr'><em>ejas</em></span> 
     </span>
     <span class='ocr_line' id='line_1_11' title="bbox 489 1074 1854 1141; baseline 0.005 -22"><span class='ocrx_word' id='word_1_75' title='bbox 489 1074 873 1137; x_wconf 79' lang='lat' dir='ltr'><em>magnitudinem</em></span> <span class='ocrx_word' id='word_1_76' title='bbox 918 1082 1216 1140; x_wconf 76' lang='lat' dir='ltr'><em>computata,</em></span> <span class='ocrx_word' id='word_1_77' title='bbox 1270 1077 1480 1141; x_wconf 72' lang='lat' dir='ltr'><em>aeqaalis</em></span> <span class='ocrx_word' id='word_1_78' title='bbox 1524 1085 1600 1125; x_wconf 74' lang='lat' dir='ltr'><em>est</em></span> <span class='ocrx_word' id='word_1_79' title='bbox 1645 1077 1854 1126; x_wconf 73' lang='lat' dir='ltr'><em>alterius</em></span> 
     </span>
     <span class='ocr_line' id='line_1_12' title="bbox 489 1148 1865 1217; baseline 0.005 -23"><span class='ocrx_word' id='word_1_80' title='bbox 489 1148 756 1208; x_wconf 76' lang='lat' dir='ltr'><em>velocitati,</em></span> <span class='ocrx_word' id='word_1_81' title='bbox 789 1166 890 1214; x_wconf 79' lang='lat' dir='ltr'><em>per</em></span> <span class='ocrx_word' id='word_1_82' title='bbox 936 1167 1117 1198; x_wconf 89' lang='lat' dir='ltr'><em>omnem</em></span> <span class='ocrx_word' id='word_1_83' title='bbox 1163 1152 1279 1199; x_wconf 89' lang='lat' dir='ltr'><em>item</em></span> <span class='ocrx_word' id='word_1_84' title='bbox 1320 1152 1705 1217; x_wconf 78' lang='lat' dir='ltr'><em>magnitudinem</em></span> <span class='ocrx_word' id='word_1_85' title='bbox 1749 1153 1865 1216; x_wconf 66' lang='lat' dir='ltr'><em>ejas</em></span> 
     </span>
     <span class='ocr_line' id='line_1_13' title="bbox 490 1225 1855 1292; baseline 0.004 -22"><span class='ocrx_word' id='word_1_86' title='bbox 490 1230 797 1287; x_wconf 77' lang='lat' dir='ltr'><em>computatoe.</em></span> <span class='ocrx_word' id='word_1_87' title='bbox 846 1225 1022 1288; x_wconf 80' lang='lat' dir='ltr'><em>Major</em></span> <span class='ocrx_word' id='word_1_88' title='bbox 1045 1234 1208 1274; x_wconf 88' lang='lat' dir='ltr'><em>autem</em></span> <span class='ocrx_word' id='word_1_89' title='bbox 1233 1233 1387 1274; x_wconf 71' lang='lat' dir='ltr'><em>motas</em></span> <span class='ocrx_word' id='word_1_90' title='bbox 1410 1234 1540 1275; x_wconf 82' lang='lat' dir='ltr'><em>mota</em></span> <span class='ocrx_word' id='word_1_91' title='bbox 1561 1234 1639 1275; x_wconf 72' lang='lat' dir='ltr'><em>est</em></span> <span class='ocrx_word' id='word_1_92' title='bbox 1659 1228 1855 1292; x_wconf 83' lang='lat' dir='ltr'><em>quando</em></span> 
     </span>
     <span class='ocr_line' id='line_1_14' title="bbox 489 1298 1891 1367; baseline 0.004 -22"><span class='ocrx_word' id='word_1_93' title='bbox 489 1298 727 1346; x_wconf 77' lang='lat' dir='ltr'><em>veloeitas</em></span> <span class='ocrx_word' id='word_1_94' title='bbox 745 1299 883 1347; x_wconf 73' lang='lat' dir='ltr'><em>illius</em></span> <span class='ocrx_word' id='word_1_95' title='bbox 897 1301 987 1358; x_wconf 69' lang='lat' dir='ltr'><em>sie,</em></span> <span class='ocrx_word' id='word_1_96' title='bbox 1002 1308 1057 1349; x_wconf 83' lang='lat' dir='ltr'><em>ut</em></span> <span class='ocrx_word' id='word_1_97' title='bbox 1082 1302 1264 1349; x_wconf 84' lang='lat' dir='ltr'><em>dietam</em></span> <span class='ocrx_word' id='word_1_98' title='bbox 1283 1309 1372 1361; x_wconf 75' lang='lat' dir='ltr'><em>est,</em></span> <span class='ocrx_word' id='word_1_99' title='bbox 1397 1309 1694 1367; x_wconf 74' lang='lat' dir='ltr'><em>computata,</em></span> <span class='ocrx_word' id='word_1_100' title='bbox 1714 1303 1858 1365; x_wconf 67' lang='lat' dir='ltr'><em>hujus</em></span> <span class='ocrx_word' id='word_1_101' title='bbox 1872 1327 1891 1362; x_wconf 59' lang='lat'><em>⁴.</em></span> 
     </span>
     <span class='ocr_line' id='line_1_15' title="bbox 490 1374 1897 1442; baseline 0.002 -21"><span class='ocrx_word' id='word_1_102' title='bbox 490 1374 751 1422; x_wconf 78' lang='lat' dir='ltr'><em>velocitate</em></span> <span class='ocrx_word' id='word_1_103' title='bbox 774 1376 1007 1423; x_wconf 71' lang='lat' dir='ltr'><em>similiter</em></span> <span class='ocrx_word' id='word_1_104' title='bbox 1032 1384 1331 1442; x_wconf 76' lang='lat' dir='ltr'><em>computata,</em></span> <span class='ocrx_word' id='word_1_105' title='bbox 1357 1379 1515 1440; x_wconf 80' lang='lat' dir='ltr'><em>major</em></span> <span class='ocrx_word' id='word_1_106' title='bbox 1539 1385 1630 1426; x_wconf 74' lang='lat' dir='ltr'><em>est.</em></span> <span class='ocrx_word' id='word_1_107' title='bbox 1676 1378 1858 1426; x_wconf 81' lang='lat' dir='ltr'><em>&#39;Minor</em></span> <span class='ocrx_word' id='word_1_108' title='bbox 1881 1391 1897 1424; x_wconf 67' lang='grc' dir='ltr'>ξ</span> 
     </span>
    </p>

    <p class='ocr_par' dir='ltr' id='par_1_6' title="bbox 489 1450 1856 1517">
     <span class='ocr_line' id='line_1_16' title="bbox 489 1450 1856 1517; baseline 0.004 -21"><span class='ocrx_word' id='word_1_109' title='bbox 489 1465 605 1497; x_wconf 89' lang='lat' dir='ltr'><em>vero</em></span> <span class='ocrx_word' id='word_1_110' title='bbox 640 1450 835 1513; x_wconf 79' lang='lat' dir='ltr'><em>quando</em></span> <span class='ocrx_word' id='word_1_111' title='bbox 876 1451 1065 1507; x_wconf 83' lang='lat' dir='ltr'><em>minor;</em></span> <span class='ocrx_word' id='word_1_112' title='bbox 1099 1461 1338 1515; x_wconf 86' lang='lat' dir='ltr'><em>praeterea</em></span> <span class='ocrx_word' id='word_1_113' title='bbox 1373 1460 1535 1501; x_wconf 89' lang='lat' dir='ltr'><em>motus</em></span> <span class='ocrx_word' id='word_1_114' title='bbox 1571 1453 1856 1517; x_wconf 85' lang='lat' dir='ltr'><em>magnitudo</em></span> 
     </span>
    </p>

    <p class='ocr_par' dir='ltr' id='par_1_7' title="bbox 491 1525 1873 1592">
     <span class='ocr_line' id='line_1_17' title="bbox 491 1525 1873 1592; baseline 0.004 -21"><span class='ocrx_word' id='word_1_115' title='bbox 491 1541 548 1572; x_wconf 90' lang='lat' dir='ltr'><em>eo</em></span> <span class='ocrx_word' id='word_1_116' title='bbox 573 1541 667 1587; x_wconf 91' lang='lat' dir='ltr'><em>quo</em></span> <span class='ocrx_word' id='word_1_117' title='bbox 687 1526 788 1588; x_wconf 89' lang='lat' dir='ltr'><em>jam</em></span> <span class='ocrx_word' id='word_1_118' title='bbox 809 1525 1016 1574; x_wconf 86' lang='lat' dir='ltr'><em>diximus</em></span> <span class='ocrx_word' id='word_1_119' title='bbox 1039 1528 1184 1575; x_wconf 91' lang='lat' dir='ltr'><em>modo</em></span> <span class='ocrx_word' id='word_1_120' title='bbox 1210 1535 1506 1591; x_wconf 87' lang='lat' dir='ltr'><em>computata,</em></span> <span class='ocrx_word' id='word_1_121' title='bbox 1529 1528 1581 1576; x_wconf 92' lang='lat' dir='ltr'><em>id</em></span> <span class='ocrx_word' id='word_1_122' title='bbox 1602 1528 1761 1592; x_wconf 89' lang='lat' dir='ltr'><em>ipsum</em></span> <span class='ocrx_word' id='word_1_123' title='bbox 1783 1536 1857 1577; x_wconf 89' lang='lat' dir='ltr'><em>est</em></span> <span class='ocrx_word' id='word_1_124' title='bbox 1867 1531 1873 1554; x_wconf 70' lang='lat'><em>⁵</em></span> 
     </span>
    </p>

    <p class='ocr_par' dir='ltr' id='par_1_8' title="bbox 492 1600 1244 1665">
     <span class='ocr_line' id='line_1_18' title="bbox 492 1600 1244 1665; baseline 0.005 -19"><span class='ocrx_word' id='word_1_125' title='bbox 492 1600 623 1663; x_wconf 91' lang='lat' dir='ltr'><em>quod</em></span> <span class='ocrx_word' id='word_1_126' title='bbox 646 1601 942 1663; x_wconf 83' lang='lat' dir='ltr'><em>appellamus</em></span> <span class='ocrx_word' id='word_1_127' title='bbox 967 1602 1111 1665; x_wconf 86' lang='lat' dir='ltr'><em>vulgo</em></span> <span class='ocrx_word' id='word_1_128' title='bbox 1136 1603 1244 1650; x_wconf 84' lang='lat' dir='ltr'><em>vim.</em></span> 
     </span>
    </p>

    <p class='ocr_par' dir='ltr' id='par_1_9' title="bbox 229 1675 1892 1741">
     <span class='ocr_line' id='line_1_19' title="bbox 229 1675 1892 1741; baseline 0.002 -20"><span class='ocrx_word' id='word_1_129' title='bbox 229 1681 323 1713; x_wconf 80' lang='lat' dir='ltr'><em>Quod</em></span> <span class='ocrx_word' id='word_1_130' title='bbox 338 1680 475 1721; x_wconf 70' lang='lat' dir='ltr'><em>quiescit</em></span> <span class='ocrx_word' id='word_1_131' title='bbox 563 1680 635 1722; x_wconf 88' lang='lat'><em>19.</em></span> <span class='ocrx_word' id='word_1_132' title='bbox 672 1675 817 1724; x_wconf 75' lang='lat' dir='ltr'><em>Quod</em></span> <span class='ocrx_word' id='word_1_133' title='bbox 837 1676 1057 1738; x_wconf 84' lang='lat' dir='ltr'><em>quiescit,</em></span> <span class='ocrx_word' id='word_1_134' title='bbox 1076 1692 1266 1740; x_wconf 84' lang='lat' dir='ltr'><em>semper</em></span> <span class='ocrx_word' id='word_1_135' title='bbox 1287 1678 1535 1740; x_wconf 87' lang='lat' dir='ltr'><em>quiescere</em></span> <span class='ocrx_word' id='word_1_136' title='bbox 1553 1677 1857 1741; x_wconf 85' lang='lat' dir='ltr'><em>intelligitur,</em></span> <span class='ocrx_word' id='word_1_137' title='bbox 1880 1688 1892 1695; x_wconf 58' lang='lat'>²</span> 
     </span>
    </p>
   </div>
   <div class='ocr_carea' id='block_1_3' title="bbox 229 1725 538 1759">
    <p class='ocr_par' dir='ltr' id='par_1_10' title="bbox 229 1725 538 1759">
     <span class='ocr_line' id='line_1_20' title="bbox 229 1725 538 1759; baseline -0.01 -4"><span class='ocrx_word' id='word_1_138' title='bbox 229 1725 291 1755; x_wconf 89' lang='lat' dir='ltr'><em>nisi</em></span> <span class='ocrx_word' id='word_1_139' title='bbox 313 1732 476 1755; x_wconf 86' lang='lat' dir='ltr'><em>moveatur</em></span> <span class='ocrx_word' id='word_1_140' title='bbox 528 1750 538 1759; x_wconf 83' lang='grc'><em>,</em></span> 
     </span>
    </p>
   </div>
   <div class='ocr_carea' id='block_1_4' title="bbox 228 1749 1900 2866">
    <p class='ocr_par' dir='ltr' id='par_1_11' title="bbox 230 1749 1890 1821">
     <span class='ocr_line' id='line_1_21' title="bbox 230 1749 1890 1821; baseline 0 -22"><span class='ocrx_word' id='word_1_141' title='bbox 230 1769 269 1799; x_wconf 82' lang='lat' dir='ltr'><em>ab</em></span> <span class='ocrx_word' id='word_1_142' title='bbox 301 1773 430 1816; x_wconf 67' lang='lat' dir='ltr'><em>externp</em></span> <span class='ocrx_word' id='word_1_143' title='bbox 491 1750 585 1797; x_wconf 81' lang='lat' dir='ltr'><em>nlsi</em></span> <span class='ocrx_word' id='word_1_144' title='bbox 616 1750 679 1797; x_wconf 92' lang='lat' dir='ltr'><em>sit</em></span> <span class='ocrx_word' id='word_1_145' title='bbox 711 1749 843 1797; x_wconf 89' lang='lat' dir='ltr'><em>aliud</em></span> <span class='ocrx_word' id='word_1_146' title='bbox 879 1751 1076 1813; x_wconf 86' lang='lat' dir='ltr'><em>aliquod</em></span> <span class='ocrx_word' id='word_1_147' title='bbox 1118 1767 1293 1815; x_wconf 89' lang='lat' dir='ltr'><em>corpus</em></span> <span class='ocrx_word' id='word_1_148' title='bbox 1333 1760 1513 1815; x_wconf 84' lang='lat' dir='ltr'><em>praeter</em></span> <span class='ocrx_word' id='word_1_149' title='bbox 1548 1752 1722 1816; x_wconf 91' lang='lat' dir='ltr'><em>ipsum,</em></span> <span class='ocrx_word' id='word_1_150' title='bbox 1763 1767 1858 1815; x_wconf 90' lang='lat' dir='ltr'><em>quo</em></span> <span class='ocrx_word' id='word_1_151' title='bbox 1885 1818 1890 1821; x_wconf 79' lang='lat'>.</span> 
     </span>
    </p>

    <p class='ocr_par' dir='ltr' id='par_1_12' title="bbox 229 1820 1860 1893">
     <span class='ocr_line' id='line_1_22' title="bbox 229 1820 1860 1893; baseline 0.002 -21"><span class='ocrx_word' id='word_1_152' title='bbox 229 1820 476 1893; x_wconf 54' lang='grc' dir='ltr'><em>ζξξζξῗξὲζζοᾰ</em></span> <span class='ocrx_word' id='word_1_153' title='bbox 493 1826 760 1889; x_wconf 88' lang='lat' dir='ltr'><em>supposito,</em></span> <span class='ocrx_word' id='word_1_154' title='bbox 800 1826 1047 1888; x_wconf 83' lang='lat' dir='ltr'><em>quiescere</em></span> <span class='ocrx_word' id='word_1_155' title='bbox 1084 1827 1290 1890; x_wconf 86' lang='lat' dir='ltr'><em>amplius</em></span> <span class='ocrx_word' id='word_1_156' title='bbox 1319 1844 1418 1875; x_wconf 88' lang='lat' dir='ltr'><em>non</em></span> <span class='ocrx_word' id='word_1_157' title='bbox 1457 1827 1612 1891; x_wconf 86' lang='lat' dir='ltr'><em>possit</em></span> <span class='ocrx_word' id='word_1_158' title='bbox 1627 1848 1640 1883; x_wconf 90' lang='lat'>;</span> <span class='ocrx_word' id='word_1_159' title='bbox 1683 1843 1860 1890; x_wconf 88' lang='lat' dir='ltr'><em>suppo-</em></span> 
     </span>
    </p>

    <p class='ocr_par' dir='ltr' id='par_1_13' title="bbox 229 1896 1874 1971">
     <span class='ocr_line' id='line_1_23' title="bbox 229 1896 1874 1971; baseline 0.001 -23"><span class='ocrx_word' id='word_1_160' title='bbox 229 1896 476 1971; x_wconf 55' lang='grc' dir='ltr'><em>ξξζξξξζῃοξξῑ</em></span> <span class='ocrx_word' id='word_1_161' title='bbox 492 1917 664 1949; x_wconf 90' lang='lat' dir='ltr'><em>namus</em></span> <span class='ocrx_word' id='word_1_162' title='bbox 702 1901 831 1948; x_wconf 91' lang='lat' dir='ltr'><em>enim</em></span> <span class='ocrx_word' id='word_1_163' title='bbox 873 1918 1048 1965; x_wconf 87' lang='lat' dir='ltr'><em>eorpus</em></span> <span class='ocrx_word' id='word_1_164' title='bbox 1090 1903 1287 1966; x_wconf 87' lang='lat' dir='ltr'><em>aliquod</em></span> <span class='ocrx_word' id='word_1_165' title='bbox 1322 1903 1516 1951; x_wconf 91' lang='lat' dir='ltr'><em>finitum</em></span> <span class='ocrx_word' id='word_1_166' title='bbox 1552 1903 1775 1961; x_wconf 86' lang='lat' dir='ltr'><em>existere,</em></span> <span class='ocrx_word' id='word_1_167' title='bbox 1811 1901 1874 1950; x_wconf 77' lang='lat' dir='ltr'><em>et&#39;</em></span> 
     </span>
    </p>

    <p class='ocr_par' dir='ltr' id='par_1_14' title="bbox 228 1976 1860 2041">
     <span class='ocr_line' id='line_1_24' title="bbox 228 1976 1860 2041; baseline 0.001 -18"><span class='ocrx_word' id='word_1_168' title='bbox 228 1983 373 2024; x_wconf 76' lang='lat' dir='ltr'><em>pediatur</em></span> <span class='ocrx_word' id='word_1_169' title='bbox 391 1992 474 2031; x_wconf 50' lang='lat' dir='ltr'><em>sem·</em></span> <span class='ocrx_word' id='word_1_170' title='bbox 495 1977 758 2040; x_wconf 88' lang='lat' dir='ltr'><em>quiescere,</em></span> <span class='ocrx_word' id='word_1_171' title='bbox 790 1976 860 2024; x_wconf 89' lang='lat' dir='ltr'><em>ita</em></span> <span class='ocrx_word' id='word_1_172' title='bbox 891 1985 947 2024; x_wconf 89' lang='lat' dir='ltr'><em>ut</em></span> <span class='ocrx_word' id='word_1_173' title='bbox 976 1977 1216 2040; x_wconf 91' lang='lat' dir='ltr'><em>reliquum</em></span> <span class='ocrx_word' id='word_1_174' title='bbox 1249 1994 1392 2025; x_wconf 91' lang='lat' dir='ltr'><em>omne</em></span> <span class='ocrx_word' id='word_1_175' title='bbox 1432 1977 1645 2041; x_wconf 88' lang='lat' dir='ltr'><em>spatium</em></span> <span class='ocrx_word' id='word_1_176' title='bbox 1682 1976 1860 2025; x_wconf 92' lang='lat' dir='ltr'><em>intelli-</em></span> 
     </span>
    </p>

    <p class='ocr_par' dir='ltr' id='par_1_15' title="bbox 233 2026 1900 2866">
     <span class='ocr_line' id='line_1_25' title="bbox 233 2026 1895 2121; baseline 0.001 -22"><span class='ocrx_word' id='word_1_177' title='bbox 233 2037 288 2067; x_wconf 49' lang='grc' dir='ltr'><em>ΡΗ</em></span> <span class='ocrx_word' id='word_1_178' title='bbox 300 2026 477 2058; x_wconf 58' lang='lat' dir='ltr'><strong>m⁰veb¹t⁰r</strong></span> <span class='ocrx_word' id='word_1_179' title='bbox 494 2059 640 2115; x_wconf 85' lang='lat' dir='ltr'><em>gatur</em></span> <span class='ocrx_word' id='word_1_180' title='bbox 658 2067 894 2107; x_wconf 83' lang='lat' dir='ltr'><em>vacuum3</em></span> <span class='ocrx_word' id='word_1_181' title='bbox 931 2052 971 2099; x_wconf 90' lang='lat' dir='ltr'><em>si</em></span> <span class='ocrx_word' id='word_1_182' title='bbox 989 2054 1090 2116; x_wconf 87' lang='lat' dir='ltr'><em>jam</em></span> <span class='ocrx_word' id='word_1_183' title='bbox 1111 2069 1286 2116; x_wconf 84' lang='lat' dir='ltr'><em>corpus</em></span> <span class='ocrx_word' id='word_1_184' title='bbox 1305 2053 1426 2101; x_wconf 89' lang='lat' dir='ltr'><em>illud</em></span> <span class='ocrx_word' id='word_1_185' title='bbox 1445 2053 1643 2117; x_wconf 88' lang='lat' dir='ltr'><em>caeperit</em></span> <span class='ocrx_word' id='word_1_186' title='bbox 1659 2051 1859 2111; x_wconf 87' lang='lat' dir='ltr'><em>moveri,</em></span> <span class='ocrx_word' id='word_1_187' title='bbox 1890 2116 1895 2121; x_wconf 24' lang='lat' dir='ltr'>v</span> 
     </span>
     <span class='ocr_line' id='line_1_26' title="bbox 495 2121 1900 2192; baseline 0.002 -18"><span class='ocrx_word' id='word_1_188' title='bbox 495 2127 770 2175; x_wconf 85' lang='lat' dir='ltr'><em>movebitur</em></span> <span class='ocrx_word' id='word_1_189' title='bbox 793 2143 908 2175; x_wconf 85' lang='lat' dir='ltr'><em>sane</em></span> <span class='ocrx_word' id='word_1_190' title='bbox 930 2144 1018 2190; x_wconf 88' lang='lat' dir='ltr'><em>per</em></span> <span class='ocrx_word' id='word_1_191' title='bbox 1047 2129 1257 2191; x_wconf 90' lang='lat' dir='ltr'><em>aliquam</em></span> <span class='ocrx_word' id='word_1_192' title='bbox 1279 2129 1423 2185; x_wconf 84' lang='lat' dir='ltr'><em>viam,</em></span> <span class='ocrx_word' id='word_1_193' title='bbox 1460 2128 1690 2192; x_wconf 89' lang='lat' dir='ltr'><em>quoniam</em></span> <span class='ocrx_word' id='word_1_194' title='bbox 1710 2121 1861 2191; x_wconf 86' lang='lat' dir='ltr'><em>igitur</em></span> <span class='ocrx_word' id='word_1_195' title='bbox 1887 2169 1900 2177; x_wconf 26' lang='lat' dir='ltr'><em>t</em></span> 
     </span>
     <span class='ocr_line' id='line_1_27' title="bbox 497 2202 1861 2271; baseline 0 -21"><span class='ocrx_word' id='word_1_196' title='bbox 497 2202 729 2266; x_wconf 88' lang='lat' dir='ltr'><em>quiequid</em></span> <span class='ocrx_word' id='word_1_197' title='bbox 765 2202 816 2249; x_wconf 91' lang='lat' dir='ltr'><em>in</em></span> <span class='ocrx_word' id='word_1_198' title='bbox 856 2203 961 2265; x_wconf 88' lang='lat' dir='ltr'><em>ipso</em></span> <span class='ocrx_word' id='word_1_199' title='bbox 997 2219 1200 2266; x_wconf 85' lang='lat' dir='ltr'><em>corpore</em></span> <span class='ocrx_word' id='word_1_200' title='bbox 1236 2211 1341 2251; x_wconf 86' lang='lat' dir='ltr'><em>erat</em></span> <span class='ocrx_word' id='word_1_201' title='bbox 1376 2203 1665 2266; x_wconf 90' lang='lat' dir='ltr'><em>disponebat</em></span> <span class='ocrx_word' id='word_1_202' title='bbox 1703 2202 1861 2271; x_wconf 86' lang='lat' dir='ltr'><em>ipsum</em></span> 
     </span>
     <span class='ocr_line' id='line_1_28' title="bbox 497 2276 1861 2341; baseline -0.001 -17"><span class='ocrx_word' id='word_1_203' title='bbox 497 2277 559 2324; x_wconf 92' lang='lat' dir='ltr'><em>ad</em></span> <span class='ocrx_word' id='word_1_204' title='bbox 596 2277 826 2340; x_wconf 90' lang='lat' dir='ltr'><em>quietem,</em></span> <span class='ocrx_word' id='word_1_205' title='bbox 863 2277 988 2324; x_wconf 88' lang='lat' dir='ltr'><em>ratio</em></span> <span class='ocrx_word' id='word_1_206' title='bbox 1031 2293 1179 2340; x_wconf 90' lang='lat' dir='ltr'><em>quare</em></span> <span class='ocrx_word' id='word_1_207' title='bbox 1214 2285 1438 2325; x_wconf 88' lang='lat' dir='ltr'><em>movetur</em></span> <span class='ocrx_word' id='word_1_208' title='bbox 1462 2293 1551 2341; x_wconf 92' lang='lat' dir='ltr'><em>per</em></span> <span class='ocrx_word' id='word_1_209' title='bbox 1584 2278 1712 2325; x_wconf 86' lang='lat' dir='ltr'><em>hanc</em></span> <span class='ocrx_word' id='word_1_210' title='bbox 1733 2276 1861 2325; x_wconf 90' lang='lat' dir='ltr'><em>viam</em></span> 
     </span>
     <span class='ocr_line' id='line_1_29' title="bbox 499 2352 1893 2416; baseline 0 -16"><span class='ocrx_word' id='word_1_211' title='bbox 499 2360 575 2400; x_wconf 90' lang='lat' dir='ltr'><em>est</em></span> <span class='ocrx_word' id='word_1_212' title='bbox 599 2359 738 2399; x_wconf 86' lang='lat' dir='ltr'><em>extra</em></span> <span class='ocrx_word' id='word_1_213' title='bbox 761 2352 935 2413; x_wconf 89' lang='lat' dir='ltr'><em>ipsum,</em></span> <span class='ocrx_word' id='word_1_214' title='bbox 960 2353 1181 2400; x_wconf 89' lang='lat' dir='ltr'><em>similiter</em></span> <span class='ocrx_word' id='word_1_215' title='bbox 1205 2353 1244 2399; x_wconf 88' lang='lat' dir='ltr'><em>si</em></span> <span class='ocrx_word' id='word_1_216' title='bbox 1267 2369 1355 2416; x_wconf 87' lang='lat' dir='ltr'><em>per</em></span> <span class='ocrx_word' id='word_1_217' title='bbox 1377 2353 1520 2400; x_wconf 88' lang='lat' dir='ltr'><em>aliam</em></span> <span class='ocrx_word' id='word_1_218' title='bbox 1542 2352 1671 2400; x_wconf 89' lang='lat' dir='ltr'><em>viam</em></span> <span class='ocrx_word' id='word_1_219' title='bbox 1695 2368 1860 2415; x_wconf 90' lang='lat' dir='ltr'><em>quam-</em></span> <span class='ocrx_word' id='word_1_220' title='bbox 1879 2359 1893 2411; x_wconf 43' lang='lat'><em>⁵.</em></span> 
     </span>
     <span class='ocr_line' id='line_1_30' title="bbox 498 2426 1860 2490; baseline 0 -16"><span class='ocrx_word' id='word_1_221' title='bbox 498 2443 689 2490; x_wconf 88' lang='lat' dir='ltr'><em>cunque</em></span> <span class='ocrx_word' id='word_1_222' title='bbox 705 2434 893 2474; x_wconf 90' lang='lat' dir='ltr'><em>motum</em></span> <span class='ocrx_word' id='word_1_223' title='bbox 913 2435 1054 2486; x_wconf 89' lang='lat' dir='ltr'><em>esset,</em></span> <span class='ocrx_word' id='word_1_224' title='bbox 1074 2427 1199 2475; x_wconf 88' lang='lat' dir='ltr'><em>ratio</em></span> <span class='ocrx_word' id='word_1_225' title='bbox 1221 2444 1413 2490; x_wconf 91' lang='lat' dir='ltr'><em>quoque</em></span> <span class='ocrx_word' id='word_1_226' title='bbox 1428 2426 1605 2486; x_wconf 88' lang='lat' dir='ltr'><em>motus,</em></span> <span class='ocrx_word' id='word_1_227' title='bbox 1625 2443 1712 2490; x_wconf 91' lang='lat' dir='ltr'><em>per</em></span> <span class='ocrx_word' id='word_1_228' title='bbox 1730 2427 1860 2474; x_wconf 90' lang='lat' dir='ltr'><em>illam</em></span> 
     </span>
     <span class='ocr_line' id='line_1_31' title="bbox 496 2502 1860 2566; baseline -0.001 -17"><span class='ocrx_word' id='word_1_229' title='bbox 496 2503 640 2561; x_wconf 86' lang='lat' dir='ltr'><em>viam,</em></span> <span class='ocrx_word' id='word_1_230' title='bbox 667 2509 793 2549; x_wconf 86' lang='lat' dir='ltr'><em>esset</em></span> <span class='ocrx_word' id='word_1_231' title='bbox 816 2509 955 2549; x_wconf 86' lang='lat' dir='ltr'><em>extra</em></span> <span class='ocrx_word' id='word_1_232' title='bbox 973 2502 1145 2565; x_wconf 89' lang='lat' dir='ltr'><em>ipsum.</em></span> <span class='ocrx_word' id='word_1_233' title='bbox 1216 2502 1338 2550; x_wconf 87' lang='lat' dir='ltr'><em>Cum</em></span> <span class='ocrx_word' id='word_1_234' title='bbox 1360 2510 1524 2550; x_wconf 90' lang='lat' dir='ltr'><em>autem</em></span> <span class='ocrx_word' id='word_1_235' title='bbox 1558 2502 1860 2566; x_wconf 89' lang='lat' dir='ltr'><em>suppositum</em></span> 
     </span>
     <span class='ocr_line' id='line_1_32' title="bbox 498 2577 1858 2640; baseline 0 -16"><span class='ocrx_word' id='word_1_236' title='bbox 498 2578 577 2636; x_wconf 91' lang='lat' dir='ltr'><em>sit,</em></span> <span class='ocrx_word' id='word_1_237' title='bbox 603 2584 741 2624; x_wconf 87' lang='lat' dir='ltr'><em>extra</em></span> <span class='ocrx_word' id='word_1_238' title='bbox 763 2577 921 2640; x_wconf 88' lang='lat' dir='ltr'><em>ipsum</em></span> <span class='ocrx_word' id='word_1_239' title='bbox 943 2578 1064 2624; x_wconf 91' lang='lat' dir='ltr'><em>nihil</em></span> <span class='ocrx_word' id='word_1_240' title='bbox 1087 2593 1207 2634; x_wconf 88' lang='lat' dir='ltr'><em>esse,</em></span> <span class='ocrx_word' id='word_1_241' title='bbox 1244 2577 1370 2625; x_wconf 88' lang='lat' dir='ltr'><em>ratio</em></span> <span class='ocrx_word' id='word_1_242' title='bbox 1406 2585 1568 2625; x_wconf 90' lang='lat' dir='ltr'><em>motus</em></span> <span class='ocrx_word' id='word_1_243' title='bbox 1600 2593 1688 2640; x_wconf 89' lang='lat' dir='ltr'><em>per</em></span> <span class='ocrx_word' id='word_1_244' title='bbox 1714 2592 1858 2624; x_wconf 90' lang='lat' dir='ltr'><em>unam</em></span> 
     </span>
     <span class='ocr_line' id='line_1_33' title="bbox 497 2652 1858 2716; baseline -0.001 -17"><span class='ocrx_word' id='word_1_245' title='bbox 497 2652 626 2699; x_wconf 89' lang='lat' dir='ltr'><em>viam</em></span> <span class='ocrx_word' id='word_1_246' title='bbox 667 2652 835 2700; x_wconf 89' lang='lat' dir='ltr'><em>eadem</em></span> <span class='ocrx_word' id='word_1_247' title='bbox 873 2660 999 2700; x_wconf 85' lang='lat' dir='ltr'><em>esset</em></span> <span class='ocrx_word' id='word_1_248' title='bbox 1037 2669 1144 2715; x_wconf 87' lang='lat' dir='ltr'><em>quae</em></span> <span class='ocrx_word' id='word_1_249' title='bbox 1180 2653 1305 2700; x_wconf 88' lang='lat' dir='ltr'><em>ratio</em></span> <span class='ocrx_word' id='word_1_250' title='bbox 1342 2660 1503 2701; x_wconf 91' lang='lat' dir='ltr'><em>motus</em></span> <span class='ocrx_word' id='word_1_251' title='bbox 1541 2668 1630 2716; x_wconf 90' lang='lat' dir='ltr'><em>per</em></span> <span class='ocrx_word' id='word_1_252' title='bbox 1667 2666 1858 2700; x_wconf 91' lang='lat' dir='ltr'><em>omnem</em></span> 
     </span>
     <span class='ocr_line' id='line_1_34' title="bbox 499 2728 1858 2791; baseline -0.001 -16"><span class='ocrx_word' id='word_1_253' title='bbox 499 2728 642 2775; x_wconf 88' lang='lat' dir='ltr'><em>aliam</em></span> <span class='ocrx_word' id='word_1_254' title='bbox 666 2728 823 2783; x_wconf 86' lang='lat' dir='ltr'><em>viam3</em></span> <span class='ocrx_word' id='word_1_255' title='bbox 862 2743 977 2790; x_wconf 84' lang='lat' dir='ltr'><em>ergo</em></span> <span class='ocrx_word' id='word_1_256' title='bbox 1007 2743 1144 2790; x_wconf 90' lang='lat' dir='ltr'><em>aeque</em></span> <span class='ocrx_word' id='word_1_257' title='bbox 1180 2735 1368 2775; x_wconf 89' lang='lat' dir='ltr'><em>motum</em></span> <span class='ocrx_word' id='word_1_258' title='bbox 1404 2736 1532 2776; x_wconf 88' lang='lat' dir='ltr'><em>esset</em></span> <span class='ocrx_word' id='word_1_259' title='bbox 1566 2743 1654 2791; x_wconf 88' lang='lat' dir='ltr'><em>per</em></span> <span class='ocrx_word' id='word_1_260' title='bbox 1694 2741 1858 2775; x_wconf 90' lang='lat' dir='ltr'><em>omnes</em></span> 
     </span>
     <span class='ocr_line' id='line_1_35' title="bbox 499 2803 1365 2866; baseline 0.001 -17"><span class='ocrx_word' id='word_1_261' title='bbox 499 2803 600 2850; x_wconf 87' lang='lat' dir='ltr'><em>vias</em></span> <span class='ocrx_word' id='word_1_262' title='bbox 625 2803 781 2861; x_wconf 88' lang='lat' dir='ltr'><em>simul,</em></span> <span class='ocrx_word' id='word_1_263' title='bbox 807 2803 937 2866; x_wconf 92' lang='lat' dir='ltr'><em>quod</em></span> <span class='ocrx_word' id='word_1_264' title='bbox 960 2810 1034 2850; x_wconf 88' lang='lat' dir='ltr'><em>est</em></span> <span class='ocrx_word' id='word_1_265' title='bbox 1056 2803 1365 2866; x_wconf 87' lang='lat' dir='ltr'><em>impossibile.</em></span> 
     </span>
    </p>
   </div>
   <div class='ocr_carea' id='block_1_5' title="bbox 568 2874 1858 2941">
    <p class='ocr_par' dir='ltr' id='par_1_16' title="bbox 568 2874 1858 2941">
     <span class='ocr_line' id='line_1_36' title="bbox 568 2874 1858 2941; baseline 0 -17"><span class='ocrx_word' id='word_1_266' title='bbox 568 2878 800 2925; x_wconf 89' lang='lat' dir='ltr'><em>Similiter</em></span> <span class='ocrx_word' id='word_1_267' title='bbox 823 2878 953 2940; x_wconf 92' lang='lat' dir='ltr'><em>quod</em></span> <span class='ocrx_word' id='word_1_268' title='bbox 975 2886 1212 2937; x_wconf 84' lang='lat' dir='ltr'><em>movetur,</em></span> <span class='ocrx_word' id='word_1_269' title='bbox 1247 2894 1436 2941; x_wconf 91' lang='lat' dir='ltr'><em>semper</em></span> <span class='ocrx_word' id='word_1_270' title='bbox 1468 2878 1651 2926; x_wconf 88' lang='lat' dir='ltr'><em>moveri</em></span> <span class='ocrx_word' id='word_1_271' title='bbox 1682 2874 1858 2926; x_wconf 83' lang='lat' dir='ltr'><em>intelli-</em></span> 
     </span>
    </p>
   </div>
   <div class='ocr_carea' id='block_1_6' title="bbox 1853 0 1936 3262">
    <p class='ocr_par' dir='ltr' id='par_1_17' title="bbox 1853 0 1936 3262">
     <span class='ocr_line' id='line_1_37' title="bbox 1853 0 1936 3262; baseline 0 0"><span class='ocrx_word' id='word_1_272' title='bbox 1853 0 1936 3262; x_wconf 95' lang='lat' dir='ltr'><em> </em></span> 
     </span>
    </p>
   </div>
  </div>
 </body>
</html>
