1910 3256
440 265 511 298 DE
540 260 800 309 FRIGORE,
826 264 1030 308 VENTo,
1057 265 1172 298 ETc.
1399 257 1497 298 383

67 423 69 425 ,
97 376 245 436 sdens,
263 376 342 425 vita
363 378 748 441 conjunguntur,
784 382 840 424 ut
875 376 1152 424 substantia
1174 375 1388 423 aetherea
1411 392 1499 423 un-
1553 381 1669 414 PAR5
1685 380 1745 413 1V·

58 452 364 516 *dequaque
387 453 448 500 ab
471 453 531 501 iis
568 453 632 501 sit
656 453 901 510 conclusa,
938 452 1087 500 etiam
1112 451 1181 500 sic
1205 467 1498 514 compressa,
1561 427 1738 496 gfff—2

62 530 67 558 ἕ
98 544 287 593 aquam
307 528 659 592 pertransiens,
684 528 850 576 exibit.
889 529 1085 576 Interea
1106 543 1222 575 vero
1244 527 1499 590 particulae

55 667 58 671 ι
100 604 245 653 durae
281 604 455 653 aetheri
477 604 784 663 intermistae,
810 612 860 652 et
882 612 1037 662 motu,
1060 611 1117 651 ut
1140 603 1498 667 supposuimus,

60 679 61 683 ’
105 680 328 744 simplice
350 679 563 743 agitatae,
598 696 688 744 per
710 697 889 744 aquam
911 680 1055 728 nubis
1079 695 1178 728 non
1202 679 1500 737 transibunt,

56 771 63 811 J
100 754 198 804 sed
218 755 272 803 in
302 755 597 804 cavitatibus
634 757 840 805 nubium
876 757 1060 805 arctius
1097 756 1499 820 comprimentur.

58 830 62 834 ’
101 831 176 880 Et
203 831 311 880 haec
346 831 545 895 quidem
569 831 902 880 demonstrata
938 840 1068 890 sunt,
1094 848 1211 895 cap.
1237 846 1383 879 XXII.
1409 837 1500 878 art.

100 912 159 966 -43
184 913 230 958 5.
268 941 283 951 .
300 906 562 966 Praeterea,
595 908 829 971 quoniam
847 908 1023 971 globus
1047 907 1235 956 telluris
1260 907 1448 966 aetheri,
1474 924 1503 955 a

57 1011 59 1014 ·
102 982 226 1032 solis
265 988 404 1031 motu
447 983 605 1046 pulso,
652 984 862 1042 innatat,
898 990 1063 1047 partes
1101 983 1299 1032 aetheris
1339 983 1505 1031 telluri

101 1057 440 1122 :impingentes
462 1059 789 1123 undequaque
823 1076 914 1123 per
944 1060 1096 1123 ipsius
1123 1060 1312 1108 telluris
1337 1076 1505 1124 super-

55 1167 57 1170 -
104 1133 274 1182 :ficiem
305 1134 660 1198 expandentur,
697 1144 755 1184 ut
794 1152 901 1200 cap.
941 1152 1063 1184 XXI.
1102 1144 1195 1185 art.
1220 1142 1268 1196 8,
1303 1137 1505 1185 demon-

44 1200 51 1261 ,Ῐ
101 1216 323 1258 stratum
346 1218 438 1258 est.

106 1319 110 1322 «
182 1291 228 1333 5.
264 1285 456 1334 Durum
482 1302 544 1335 ex
580 1302 638 1335 eo
672 1288 1028 1351 cognoscimus,
1067 1288 1215 1351 quod,
1249 1305 1360 1336 cum
1399 1305 1504 1337 cor·
1524 1302 1652 1352 Πομ-,ω
1663 1311 1703 1352 3³²}

42 1383 45 1430 j
104 1361 248 1426 ⁴poris
293 1361 500 1426 alicujus
552 1371 746 1427 partem
797 1380 944 1427 quam
1001 1365 1247 1428 tangimus
1299 1365 1506 1413 ulterius
1522 1345 1792 1429 Ξὲἶιζξῃῗῗῷξῗῆ

40 1460 71 1506 ῥ’
96 1437 340 1486 >volumus
355 1439 646 1503 propellere,
660 1440 756 1488 nisi
779 1447 886 1488 toto
912 1440 1055 1488 simul
1069 1441 1301 1504 propulso
1326 1441 1509 1489 frustra

43 1505 45 1510 ’
113 1513 357 1563 volumuS.
426 1516 570 1564 Aeris
590 1517 791 1581 quidem
813 1517 891 1564 vel
915 1533 1055 1580 aquae
1078 1517 1371 1581 particulam
1403 1525 1508 1565 tac-

40 1592 44 1645 J
107 1597 221 1638 tam
242 1590 321 1639 vel
342 1607 624 1655 percussam
659 1592 803 1641 facile
838 1601 889 1641 et
929 1593 1226 1641 sensibiliter
1259 1593 1509 1657 protrudi-

45 1723 50 1732 ..
116 1681 242 1726 mus,
273 1668 496 1731 partibus
531 1675 699 1717 tamen
737 1669 943 1728 caeteris,
980 1669 1145 1732 quoad
1181 1685 1393 1728 sensum,
1418 1669 1509 1716 im-

40 1762 44 1794 ῑ
116 1743 266 1791 motis
284 1762 299 1791 z
333 1744 510 1808 lapidis
532 1752 727 1808 partem
749 1762 852 1793 non
879 1745 1016 1793 item.
1086 1745 1358 1793 Definimus
1393 1760 1509 1808 ergo

40 1826 43 1827 ’
108 1818 298 1868 durum
320 1835 427 1868 esse
451 1834 631 1884 eorpus
663 1820 800 1879 illud,
842 1821 980 1884 cujus
1013 1837 1127 1884 pars
1151 1821 1336 1869 moveri
1361 1820 1512 1868 sensi-

46 1910 49 1935 ἑ
109 1895 284 1944 biliter
318 1896 455 1945 nulla
492 1903 676 1961 potest,
714 1897 809 1945 nisi
850 1904 985 1945 moto
1023 1904 1145 1945 toto.
1216 1896 1365 1945 Quod
1393 1912 1510 1960 ergo

104 1971 268 2021 ·molle
307 1972 387 2020 vel
425 1972 633 2020 fluidum
673 1980 764 2032 est,
805 1973 912 2020 fieri
952 1972 1129 2020 durum
1160 1973 1222 2020 ab
1247 1973 1343 2020 alia
1366 1989 1513 2020 causa

107 2063 223 2113 *non
243 2054 426 2112 potest,
449 2049 546 2097 nisi
568 2065 599 2096 a
619 2056 760 2096 motu
775 2048 878 2107 tali,
894 2057 951 2096 ut
964 2055 1131 2112 partes
1144 2048 1308 2111 plures
1322 2056 1513 2096 motum

47 2171 50 2174 ,
107 2123 275 2188 ⁴partis
296 2123 442 2172 unius
460 2123 734 2188 cujuslibet,
753 2123 897 2172 simul
912 2140 1081 2172 omnes
1094 2124 1187 2187 ipsi
1214 2125 1513 2182 resistentes,

1 2211 4 2216 ·
42 2203 43 2206 ’
110 2199 408 2264 impediant.

190 2281 240 2324 6.
277 2275 371 2324 His
391 2275 669 2339 praemissiS,
693 2275 973 2339 possibilem
989 2291 1184 2323 causam
1203 2275 1515 2323 ostendemus
1533 2288 1640 2339 eaqsa
1652 2270 1710 2339 ‘fri-

44 2399 50 2404 .
123 2367 278 2417 quare
298 2351 455 2416 frigus
479 2351 611 2400 circa
634 2359 780 2400 terrae
818 2351 959 2415 polos
995 2352 1152 2415 majus
1190 2358 1280 2410 est,
1317 2366 1463 2414 quam
1487 2366 1516 2397 a
1531 2342 1726 2418 ξξῖζζῇζζῖ,

39 2418 43 2426 “
124 2428 250 2494 polis
271 2428 524 2477 remotius.
593 2428 708 2487 Aer,
733 2434 1004 2476 aversante
1019 2428 1150 2475 inter
1173 2427 1388 2491 tropicos
1415 2425 1517 2474 sole

113 2504 191 2553 -ad
225 2511 372 2557 terrae
412 2505 721 2569 superficiem
761 2504 854 2552 sibi
894 2504 1366 2568 perpendiculariter
1404 2503 1517 2551 sub-

120 2582 308 2646 jectam
365 2580 642 2645 propulsus,
698 2580 1028 2644 undequaque
1085 2580 1406 2644 expanditur3
1467 2588 1518 2627 et

43 2655 46 2659 ’
83 2703 86 2707 ,
111 2656 344 2706 :velocius
384 2656 600 2720 quidem,
641 2673 739 2720 quo
777 2656 1056 2720 superficies
1079 2663 1223 2703 terrae
1246 2656 1403 2703 actior
1427 2664 1516 2716 est,

0 2709 10 2796 s
51 2787 53 2790 ,
113 2731 183 2783 .id
205 2739 296 2792 est,
336 2732 423 2781 ubi
446 2732 617 2781 circuli
641 2733 878 2797 aequatori
901 2732 1120 2796 paralleli
1150 2740 1265 2780 sunt
1287 2732 1516 2781 minores.

15 2803 26 2814 ”
50 2838 57 2871 3
118 2807 301 2858 1Motus
342 2824 460 2872 ergo
506 2809 631 2857 aeris
677 2825 728 2857 se
775 2808 1096 2872 expandentis
1140 2817 1306 2872 partes
1353 2808 1519 2856 obvias

10 2881 17 2931 s
118 2900 300 2933 mersus
333 2885 473 2949 polos
496 2900 690 2948 semper
724 2892 838 2933 ante
875 2900 926 2932 se
962 2883 1117 2947 pellit,
1157 2884 1313 2947 magis
1354 2892 1518 2932 autem
