1936 3262
549 254 620 287 DE
647 253 1036 288 PHILOSOPHIA.
1452 247 1480 289 5

102 370 106 386 '⁴
131 394 154 414 υ
179 388 278 421 ven
298 373 488 422 nomini
514 373 587 435 (in
612 373 788 437 quibus
813 390 958 430 omne
980 373 1303 437 philosophiae
1325 390 1480 437 genus
1547 391 1664 424 PARS
1680 392 1708 425 1.

94 479 119 490 .,
140 448 400 511 mtinetur)
427 449 574 514 adjici
597 449 843 512 adimique
865 456 1046 512 potest.
1536 459 1712 506 ῳ

96 519 123 562 ’τ
150 523 287 572 'Rem
309 532 475 573 autem
490 541 848 588 quamcumque
863 524 1086 572 addimus
1101 523 1179 572 vel
1202 523 1477 583 adimimus,

79 601 132 648 ἐ
170 598 261 659 est,
285 599 337 648 in
359 600 576 649 rationes
595 600 866 658 referimus,
891 616 997 648 eam
1024 599 1231 647 dicimur
1253 599 1479 647 conside-

80 686 114 729 ’,
136 698 144 714 1¹
158 691 231 735 re,
255 675 424 725 Graece
447 677 704 742 λογίζεσθαι,
730 675 858 724 sicut
880 676 1039 739 ipsum
1067 682 1356 739 computare
1376 675 1478 724 sive

15 759 16 763 ’
90 753 136 787 ἕ
173 750 380 799 iocinari
403 751 730 816 συλλογίζεσθαι
753 751 1026 799 nominant.

78 829 109 876 ,ὲ
160 832 208 875 4
243 827 459 875 Effectus
477 834 642 875 autem
656 834 708 875 et
729 827 1054 891 phaenomena
1068 834 1198 885 sunt,
1215 842 1477 890 corporum
1495 842 1675 882 Proprietas

63 891 82 909 ’“
110 915 130 944 ³>
185 922 193 944 ι
225 909 352 951 tates
389 902 491 951 sive
526 903 766 966 potentiae
806 903 983 969 quibus
1025 902 1121 950 alia
1155 903 1216 950 ab
1247 902 1354 950 aliis
1379 902 1477 951 dis·
1494 896 1548 926 ‘³¹²¹
1518 886 1581 917 ¹²¹⁶·

72 983 97 1007 ’·
118 977 132 988 '
168 977 388 1042 gaimus,
401 977 453 1026 id
476 986 566 1036 est,
582 994 735 1027 unum
750 978 893 1026 alteri
912 978 1099 1042 aequale
1118 986 1205 1026 aut
1219 978 1477 1042 inaequale,
1498 987 1500 989 ’

72 1078 75 1082 ·
119 1076 172 1097 εει
188 1053 199 1064 ’
222 1069 250 1102 e
261 1053 342 1102 vel
355 1053 589 1102 dissimile
607 1070 714 1103 esse
728 1054 1030 1118 concipimus
1047 1075 1059 1110 ;
1083 1061 1141 1102 ut
1159 1054 1211 1102 in
1227 1054 1477 1118 superiore

66 1127 332 1195 gukemp10,
360 1132 624 1194 postquam
647 1131 711 1179 ad
733 1146 911 1194 corpus
936 1130 1137 1194 aliquod
1159 1131 1278 1178 satis
1302 1147 1479 1195 appro-

71 1204 383 1271 pinquatum
396 1214 486 1264 est,
495 1205 559 1253 ad
573 1205 943 1270 percipiendum
962 1213 1151 1254 motum
1165 1214 1216 1253 et
1233 1206 1478 1254 incessum

75 1281 79 1297 ³
122 1282 135 1294 ‘
180 1301 189 1307 ·
198 1280 639 1345 ,distinguimus'
626 1298 788 1345 lpsum
822 1282 884 1330 ab
908 1282 1099 1341 arbore,
1124 1298 1154 1330 a
1177 1282 1404 1330 columna
1427 1290 1478 1330 et

8 1385 11 1394 ·
75 1357 158 1406 b
199 1357 307 1406 aliis
353 1357 501 1406 certis
543 1357 829 1421 corporibus
866 1358 1053 1417 defixiS,
1091 1358 1222 1407 unde
1259 1358 1478 1406 incessus

76 1432 188 1494 gille,
202 1433 506 1498 proprietas
521 1434 626 1497 ejus
641 1441 731 1492 est,
748 1434 928 1497 quippe
939 1420 1225 1482 animalium
1232 1434 1480 1498 propriUS,

16 1512 21 1554 Ῑ
72 1520 192 1578 quo
215 1526 246 1557 a
269 1509 462 1558 caeteris
486 1509 774 1573 corporibus
800 1509 1135 1573 distinguitur.

20 1582 21 1586 ¹
82 1614 94 1634 ,ι
158 1591 204 1634 5.
241 1585 503 1635 Quomodo
527 1593 694 1633 autem
717 1586 920 1633 effectus
945 1585 1162 1649 cognitio
1188 1601 1249 1632 ex
1274 1585 1475 1649 cognita
1492 1599 1661 1632 Quomodo

71 1662 409 1728 generatione
433 1661 622 1725 acquiri
643 1668 824 1725 potest,
864 1661 1034 1709 circuli
1071 1661 1294 1725 exemplo
1331 1661 1474 1709 facile
1490 1644 1725 1727 ΞἙΡΞΓΪΞΟΠΕ

13 1743 22 1791 ‚²
77 1737 408 1802 xintelligetur.
506 1737 764 1801 Proposita
809 1737 940 1785 enim
988 1738 1149 1802 figura
1191 1737 1353 1801 plana,
1412 1738 1476 1785 ad
1491 1731 1651 1807 ξξῗοζξζ

74 1814 299 1880 >{fig-uram
323 1813 496 1862 circuli
525 1814 748 1878 proxime
778 1814 1060 1873 accedente,
1095 1830 1242 1862 sensu
1277 1814 1475 1878 quidem

62 1890 302 1940 circulus
335 1905 494 1938 necne
518 1889 583 1938 sit
606 1890 839 1954 cognosci
861 1890 996 1938 nullo
1020 1890 1167 1938 modo
1190 1898 1389 1954 potest;
1424 1898 1476 1938 at

8 2017 10 2020 ,
70 1963 154 2016 ‘cx
189 1966 391 2030 cognita
429 1967 601 2030 figurae
645 1966 912 2030 propositae
957 1966 1293 2030 generatione,
1339 1966 1477 2014 facil-

14 2051 16 2055 ’
42 2042 66 2086 Ψ
87 2041 236 2099 111110;
270 2042 404 2091 facta
426 2041 558 2090 enim
581 2041 646 2090 sit
677 2042 837 2105 figura
860 2058 932 2101 ea,
971 2058 1031 2090 ex
1065 2042 1337 2106 cujuspiam
1368 2059 1477 2090 cor-

14 2146 22 2184 g
89 2119 224 2184 poris
247 2117 682 2177 circumductione,
709 2119 846 2181 cujus
871 2118 995 2166 alter
1016 2118 1255 2166 terminus
1279 2126 1477 2166 maneat

8 2223 11 2242 ;
46 2220 60 2248 w,
89 2194 323 2244 immotus
349 2215 363 2251 3
428 2193 500 2242 sic
556 2193 974 2253 ratiocinabimur,
1035 2210 1211 2258 corpus
1269 2194 1477 2242 circum-

50 2280 71 2318 ,’
89 2269 296 2320 ductum
334 2269 505 2318 eadem
546 2285 738 2332 semper
778 2269 1087 2333 longitudine
1121 2269 1336 2332 applicat
1370 2285 1476 2317 sese

7 2346 12 2358 “’
90 2345 251 2411 primo
288 2345 353 2394 ad
389 2361 544 2393 unum
585 2345 792 2404 radium,
836 2344 1011 2393 deinde
1041 2345 1105 2392 ad
1137 2345 1302 2404 alium,
1342 2352 1392 2392 et
1413 2345 1477 2392 ad

52 2416 64 2455 3⁵
82 2421 311 2482 -tertium,
336 2429 582 2486 quartum,
607 2430 658 2469 et
682 2421 955 2469 successive
979 2421 1042 2469 ad
1071 2437 1239 2469 omnes
1260 2442 1272 2476 ;
1308 2421 1476 2484 itaque

6 2500 7 2503 ’
90 2497 157 2546 ab
180 2496 353 2546 eodem
373 2506 577 2562 puncto,
612 2496 816 2561 attingit
839 2497 1283 2545 circumferentiam
1307 2497 1477 2545 eadem

0 2623 1 2635 χ
42 2621 65 2636 ,
88 2571 352 2636 longitudo
392 2572 734 2636 undequaque,
779 2572 829 2620 id
871 2580 946 2620 est
987 2588 1155 2621 omnes
1196 2572 1321 2620 radii
1363 2579 1478 2620 sunt

0 2652 12 2675 ³¹
30 2639 31 2642 Ἴ
48 2680 54 2692 .-
96 2647 324 2712 aequales.
395 2648 722 2712 Cognoscitur
763 2649 930 2712 itaque
967 2665 997 2697 a
1032 2649 1119 2696 tali
1160 2648 1477 2712 generatione

5 2768 10 2774 .
40 2718 69 2778 -s
94 2722 364 2788 procedere
396 2723 606 2787 figuram
627 2740 657 2772 a
679 2725 817 2788 cujus
853 2732 1039 2788 puncto
1076 2741 1175 2772 uno
1217 2724 1377 2773 medio
1414 2724 1478 2773 ad

4 2803 59 2872 'jz'
87 2799 263 2849 -omuia
286 2807 506 2847 extrema
527 2799 794 2863 aequalibus
814 2800 963 2848 radiis
987 2800 1265 2863 attingitur.

39 2876 45 2878 ’
72 2871 73 2874 '
166 2874 402 2924 Similiter
443 2892 472 2924 a
507 2875 707 2939 cognita
742 2877 901 2940 figura
939 2878 1279 2941 perveniemus
1325 2877 1478 2926 ratio-

5 2947 60 3058 Ξ

22 3071 52 3109 μ’

14 3160 59 3188 ‚

14 3179 66 3262 1,.
91 3245 95 3248 ,
