1936 3262
228 347 344 379 PARS
363 347 431 378 111.

285 392 351 426 ‚20.

183 483 334 524 Analysis
351 488 382 514 et

184 527 444 568 synthesiS‚q11id.

463 222 557 264 252
787 232 857 265 DE
885 232 1221 265 RATIONIBUS
1250 232 1504 265 Mo'rUUM.

465 342 591 404 quia,
617 357 726 389 cum
750 343 817 389 ibi
838 359 1006 400 essem,
1025 342 1084 389 de
1098 342 1253 400 lineis,
1273 342 1633 405 superficiebus,
1649 341 1866 406 solidi82‘.—.'

463 416 651 478 aequali,
675 417 901 479 inaequali
924 416 1142 464 nondum
1176 417 1471 464 mentionem
1498 416 1709 464 feceram
1739 433 1829 469 nec

461 491 665 554 proinde
697 492 901 554 intelligi
924 500 1160 554 poteram,
1191 491 1347 538 visum
1381 498 1455 538 est
1488 491 1831 556 aliquantisper
1898 537 1901 547 ε

463 566 684 620 differre3
720 567 882 628 itaque
913 566 964 613 id
996 565 1126 628 quod
1160 565 1220 613 de
1260 582 1318 614 ea
1354 566 1510 613 sentio
1549 566 1707 614 dicam
1737 566 1829 616 hoc

462 641 585 688 loco.
655 641 877 704 Analysis
912 656 1027 703 ergo
1064 648 1152 698 est,
1188 656 1246 687 ex
1280 641 1597 688 terminorum
1631 641 1831 705 alicujus

465 715 596 773 dicti,
639 715 768 777 quod
805 731 893 778 pro
927 731 1042 762 vero
1084 715 1415 778 supponimus,
1457 715 1858 776 definitionibus,-

465 798 513 838 et
535 806 700 837 rursus
726 806 785 836 ex
809 789 1127 837 terminorum
1149 789 1341 836 illarum
1361 789 1700 838 definitionum
1717 790 1833 839 defi·
1856 831 1859 834 ,

463 866 728 913 nitionibus
774 865 1078 912 ratiocinatio
1123 873 1371 927 perpetua,
1419 865 1574 913 donec
1615 865 1679 913 ad
1717 872 1870 921 nota„

464 941 626 1003 aliqua
647 947 845 987 ventum
869 940 946 998 sit,
980 955 1184 1002 quorum
1217 940 1500 1002 compositio
1525 947 1599 988 est
1621 940 1833 989 veritatis

462 1016 539 1062 vel
570 1014 790 1062 falsitatis
823 1014 939 1061 dicti
973 1014 1206 1076 suppositi
1241 1013 1602 1062 demonstratio.
1672 1015 1835 1079 Atque

464 1107 522 1137 ea
550 1090 654 1152 ipsa
689 1089 975 1150 compositio
995 1089 1095 1135 sive
1120 1087 1468 1136 demonstratio
1492 1089 1544 1137 id
1565 1090 1723 1153 ipsum
1745 1097 1841 1149 est,
1864 1102 1886 1125 s

464 1164 596 1228 quod
620 1164 887 1227 appellatur
918 1163 1175 1226 synthesis.
1245 1163 1520 1227 Analytica
1551 1164 1715 1228 itaque
1746 1173 1833 1224 est,
1873 1165 1876 1168 ’

464 1256 542 1287 ars
562 1238 882 1287 ratiocinandi
906 1255 935 1285 a
953 1238 1201 1300 supposito
1226 1238 1289 1285 ad
1309 1239 1563 1301 principia,
1588 1239 1640 1286 id
1662 1246 1750 1298 est,
1774 1239 1836 1287 ad
1887 1290 1891 1292 ,

464 1314 818 1378 propositiones
852 1313 1032 1375 primas
1063 1313 1139 1359 vel
1168 1329 1227 1360 ex
1260 1313 1428 1375 primis
1464 1313 1834 1373 demonstratas,

465 1397 584 1452 quot
609 1388 852 1436 sufficiunt
875 1387 938 1434 ad
956 1387 1191 1449 suppositi
1208 1387 1463 1435 veritatem
1482 1389 1557 1435 vel
1575 1388 1837 1437 falsitatem

464 1462 922 1512 demonstrandam:
966 1462 1240 1525 synthetica
1278 1470 1455 1521 autem,
1501 1479 1578 1511 ars
1617 1464 1722 1527 ipsa
1756 1464 1837 1511 de-

463 1538 784 1587 monstrandi.
1888 1594 1900 1598 ³

530 1614 789 1678 Synthesis
815 1629 929 1676 ergo
955 1624 1002 1659 et
1027 1612 1251 1675 analysis
1286 1612 1424 1660 aliter
1456 1629 1600 1675 quam
1624 1620 1680 1661 ut
1701 1629 1836 1676 pror-
1882 1651 1883 1654 η

464 1707 571 1738 sum
596 1697 645 1737 et
667 1696 931 1736 retrorsum
955 1704 1054 1735 non
1094 1687 1352 1742 differunt;
1389 1696 1644 1751 utramque
1678 1695 1838 1736 autem
1882 1731 1883 1736 ,

465 1763 832 1827 comprehendit
871 1763 1109 1826 logistica.
1180 1763 1349 1825 Itaque
1374 1763 1424 1809 in
1449 1763 1730 1825 quaestionis
1755 1778 1839 1811 seu

462 1839 775 1903 problematis
808 1839 1136 1901 cujuscunque
1170 1838 1355 1900 analysi
1391 1845 1438 1884 et
1475 1838 1707 1901 synthesi,
1742 1845 1839 1886 ter-

464 1915 621 1962 minos
645 1921 837 1976 oportet
861 1914 1077 1960 omnium
1099 1913 1483 1975 propositionum
1510 1929 1615 1960 esse
1640 1929 1840 1963 conver-.

466 1990 644 2046 tibiles,
670 1989 747 2036 vel
770 1989 809 2035 si
833 1988 1148 2051 hypothetice
1173 1988 1476 2046 enuncietur,
1493 2005 1593 2035 non
1610 1988 1756 2036 modo
1781 2004 1840 2036 ex
1867 1999 1905 2043 ,,;.

467 2065 672 2112 veritate
708 2063 1040 2111 antecedentis
1075 2063 1330 2110 veritatem
1365 2063 1721 2126 consequentis,
1757 2062 1842 2111 sed
1876 2059 1880 2061 ’

470 2147 521 2186 et
567 2147 739 2187 contra
782 2155 841 2185 ex
878 2139 1082 2186 veritate
1126 2139 1466 2200 consequentis
1509 2138 1840 2186 antecedentis

471 2215 728 2262 veritatem
774 2213 942 2260 inferri
988 2230 1185 2261 necesse
1233 2222 1322 2261 est.
1391 2214 1603 2278 Alioqui,
1646 2214 1840 2277 quando

474 2290 760 2338 resolvendo
787 2297 985 2337 ventum
1009 2298 1083 2337 est
1106 2290 1168 2337 ad
1186 2290 1438 2352 principia,
1463 2290 1622 2337 nullus
1647 2305 1841 2353 compo·
1900 2294 1918 2354 ‘3

476 2366 637 2414 nendo
674 2381 898 2412 recursus
937 2366 1022 2412 fiet
1054 2365 1117 2412 ad
1154 2365 1425 2427 quaesitum.
1496 2365 1622 2412 Nam
1669 2365 1752 2428 qui
1791 2365 1842 2412 in

477 2439 662 2502 analysi
706 2439 906 2502 priores,
953 2440 1003 2486 in
1051 2440 1267 2503 synthesi
1312 2440 1508 2487 termini
1551 2440 1842 2503 posteriores

477 2523 636 2562 erunt.
706 2515 775 2561 Ut
798 2515 991 2577 quando
1013 2515 1216 2562 dicimus
1235 2515 1536 2573 resolvendo,
1561 2514 1843 2577 rectangula
1898 2535 1901 2537 “

474 2591 580 2638 haec
622 2590 827 2653 aequalia
867 2600 995 2649 sunt,
1042 2606 1158 2652 ergo
1196 2606 1364 2638 eorum
1404 2590 1559 2638 latera
1598 2589 1842 2652 reciproce

471 2665 856 2728 proportionalia
874 2674 1015 2712 sunt:
1053 2665 1406 2727 componendo,
1433 2665 1592 2712 dicere
1623 2679 1842 2711 necessa-

469 2740 596 2786 rium
620 2740 728 2798 erit,
752 2741 906 2787 latera
923 2740 1027 2787 haec
1046 2739 1293 2802 reciproce
1314 2747 1428 2787 sunt
1444 2738 1840 2802 proportionalia,

468 2830 585 2878 ergo
612 2823 661 2863 et
689 2815 974 2878 rectangula
997 2815 1102 2878 ipsa
1126 2814 1254 2861 inter
1285 2831 1335 2862 se
1369 2815 1602 2877 aequalia3
1639 2814 1688 2862 id
1713 2813 1840 2876 quod
