1936 3262
398 292 448 317 XC

906 291 1007 318 VITA
1028 291 1126 318 Tflo.
1150 291 1321 320 HOBBES
1330 309 1339 319 .

510 401 594 442 Hic
614 415 691 457 ego
716 399 992 442 Mersennum
1012 401 1120 451 novi,
1139 401 1399 443 communico
1415 411 1457 442 et
1477 401 1535 443 illi

565 490 632 532 De
652 505 793 532 rerum
813 499 930 532 motu
951 506 1046 548 quae
1067 491 1288 533 meditatus
1308 506 1435 534 eram.

507 581 548 624 Is
568 582 729 638 probat,
752 591 794 623 et
813 582 953 624 multis
973 582 1262 633 commendat3
1293 592 1480 639 tempore
1498 583 1552 625 ab
1572 583 1645 626 illo

564 672 681 714 Inter
700 672 964 729 philosophos
984 684 1027 714 et
1046 673 1297 715 numerabar
1317 688 1407 730 ego.

507 762 558 804 In
579 763 755 819 patriam
776 778 917 804 rursus
937 772 1031 819 post
1049 778 1210 805 menses
1230 774 1323 806 octo
1343 779 1546 814 reversus,

562 853 630 895 De
649 852 943 895 connectendis
963 853 1100 910 cogito
1120 853 1290 896 notitiisa

506 944 695 986 Motibus
715 960 740 986 a
759 944 881 986 variis
902 944 1011 986 feror
1030 944 1085 985 ad
1105 959 1245 986 rerum
1266 945 1474 986 variarum

560 1036 791 1078 Dissimiles
811 1036 978 1092 species,
1001 1036 1269 1092 materiaeque
1289 1035 1406 1077 dolos
1421 1052 1432 1086 ;

504 1126 733 1183 Motusque
752 1126 937 1168 internos
957 1126 1187 1177 hominum,
1209 1125 1428 1182 cordisque
1448 1125 1627 1167 latebras
1650 1140 1659 1165 :

559 1216 756 1273 Denique
775 1216 828 1258 ad
850 1216 1012 1273 imperii
1028 1217 1291 1273 justitiaeque
1309 1217 1432 1260 bona.

503 1306 583 1348 His
604 1321 681 1362 ego
702 1321 769 1347 me
789 1306 912 1348 mersi
933 1306 1092 1349 studiis.
1156 1306 1267 1348 Nam
1287 1306 1605 1363 philosophandi

560 1397 733 1452 Corpus,
758 1396 911 1446 Homo,
935 1396 1048 1438 Civis
1069 1396 1255 1438 continet
1274 1411 1398 1438 omne
1416 1411 1560 1453 genus.

502 1487 609 1528 Tres
629 1502 750 1543 super
772 1486 835 1527 his
855 1486 979 1528 rebus
999 1494 1135 1527 statuo
1155 1486 1416 1528 conscribere
1434 1486 1589 1538 libr0s3

557 1577 865 1633 Materiemque
885 1576 988 1617 mihi
1010 1591 1190 1632 congero
1211 1591 1377 1634 quoque
1397 1577 1477 1619 die.

501 1668 697 1710 Nascitur
717 1668 876 1709 interea
896 1667 1026 1709 scelus
1047 1667 1280 1710 execrabile
1300 1668 1412 1719 belli,

558 1758 615 1800 Et
634 1759 807 1800 veniunt
826 1758 972 1800 studiis
993 1767 1180 1814 tempora
1199 1759 1344 1815 iniqua
1363 1759 1477 1801 meis.

504 1849 836 1891 Sexcentesimus
855 1858 898 1890 et
911 1850 1000 1905 jam
1021 1828 1363 1906 quadragesimus
1382 1864 1517 1891 annus

559 1941 658 1982 Post
677 1940 941 1982 millesimum
963 1949 1052 1982 erat
1071 1940 1242 1997 virginis
1262 1955 1287 1982 a
1306 1955 1448 1996 puero,

501 2032 610 2074 Cum
630 2032 807 2088 patriam
828 2031 977 2072 invasit
997 2031 1166 2073 morbus
1186 2031 1400 2082 mirabilis,
1432 2031 1544 2073 unde

557 2122 774 2165 Innumeri
794 2137 817 2164 e
837 2121 968 2164 doctis
988 2132 1082 2178 post
1100 2123 1262 2178 periere
1281 2123 1372 2165 viri.

501 2215 597 2263 Quo
618 2215 857 2271 quicunque
877 2213 956 2255 fuit
976 2223 1121 2264 tactus,
1143 2214 1284 2256 divina
1303 2215 1479 2271 putabat

556 2305 698 2361 Atque
717 2305 900 2346 humana
922 2303 994 2344 uni
1014 2304 1181 2360 cognita
1192 2305 1290 2360 jura
1309 2304 1402 2346 sibi.

496 2395 673 2452 Jamque
692 2395 735 2436 in
756 2394 971 2451 procinctu
991 2393 1148 2436 bellum
1169 2395 1295 2436 stetit.
1357 2394 1524 2436 Horreo
1544 2403 1731 2450 spectans
1743 2411 1754 2444 3

554 2484 713 2541 Meque
733 2484 787 2526 ad
806 2484 998 2526 dilectam
1019 2484 1186 2526 confero
1207 2484 1434 2526 Lutetiam.

497 2578 679 2634 Postque
699 2576 803 2618 duos
821 2590 951 2617 annos
971 2575 1049 2616 edo
1069 2578 1138 2618 De
1159 2577 1258 2619 Cive
1275 2574 1475 2625 libellum,

554 2667 639 2715 Qui
658 2665 814 2723 placuit
833 2665 978 2718 doctis,
998 2674 1040 2706 et
1059 2680 1190 2706 novus
1209 2665 1343 2706 omnis
1363 2673 1453 2706 erat
1471 2681 1482 2716 ;

495 2758 649 2799 Versus
669 2766 712 2798 et
728 2756 771 2797 in
792 2756 923 2797 varias
943 2755 1105 2811 linguas
1126 2770 1221 2796 cum
1240 2754 1363 2796 laude
1382 2754 1563 2811 legebar,

553 2847 761 2888 Gentibus
781 2855 822 2888 et
842 2846 924 2888 late
945 2846 1113 2888 nomine
1133 2853 1256 2887 notus
1276 2859 1401 2888 eram.
