1910 3256
0 1663 22 1809 ven-'3⁵13
0 1574 14 1642 ww„
13 1537 17 1539 ,

594 267 664 301 DE
691 267 1022 302 GRAVITATE.
1397 256 1492 299 415

113 377 500 436 conservationis
524 394 624 427 suae
648 396 809 439 causa,
835 397 981 444 quam
1010 396 1208 429 causam
1231 395 1332 427 non
1355 378 1498 427 intel·
1550 380 1671 456 ΡΛῙῧῑξ.
1691 380 1752 413 W·

111 451 291 516 ligunt,
327 453 505 512 locum,
541 454 626 502 ubi
663 464 793 514 sunt,
830 456 1054 504 deserere
1089 463 1140 503 et
1174 455 1225 502 in
1261 455 1410 502 alium
1447 470 1499 502 se
1556 472 1745 495 *-*--‘
1816 461 1823 479 ¹

112 528 394 587 transferre,
419 546 532 577 cum
562 530 726 588 homo,
763 532 848 595 qui
876 540 926 580 et
960 531 1232 595 appetitum
1268 530 1417 578 habet
1451 539 1501 578 et

113 603 434 664 intellectum,
476 621 539 653 ne
581 608 929 656 conservandae
966 607 1163 672 quidem
1202 606 1314 654 vitae
1355 622 1502 654 causa

113 680 246 729 ultra
267 689 368 729 tres
391 688 660 745 quatuorve
684 684 833 747 pedes
852 700 903 732 se
922 683 1148 732 attollere
1168 682 1297 730 saltu
1318 689 1497 745 potest,

113 757 465 820 perridiculum
506 766 595 806 est.
666 760 889 824 Denique
925 759 1120 823 corpori
1154 765 1321 806 creato
1361 757 1502 804 attri-

114 832 266 881 buere
289 834 560 897 potentiam
590 836 802 899 seipsum
834 835 1076 894 movendi,
1111 834 1231 898 quid
1252 833 1386 881 aliud
1411 840 1500 891 est,

116 924 264 972 quam
298 917 545 959 creaturas
583 928 688 960 esse
728 913 890 960 dicere
928 929 1036 975 quae
1077 928 1107 959 a
1132 911 1367 958 Creatore
1402 925 1503 956 non

117 984 458 1048 dependeant?
529 987 901 1048 Posterioribus,
943 987 1028 1051 qui
1069 987 1356 1035 descensum
1392 1002 1504 1049 gra-

116 1061 250 1109 vium
271 1060 460 1109 telluris
483 1063 761 1112 attribuunt
787 1063 1088 1122 attractioni,
1123 1063 1366 1111 assentior
1397 1061 1504 1126 qui-

118 1137 259 1192 dem;
295 1137 384 1185 sed
407 1154 504 1201 quo
528 1139 581 1187 id
602 1140 749 1188 modo
780 1141 884 1199 fiat,
918 1157 948 1188 a
978 1140 1173 1188 nemine
1207 1139 1504 1202 explicatum

118 1220 207 1264 est.
277 1214 351 1262 De
373 1214 521 1263 modo
538 1216 692 1279 igitur
709 1224 760 1264 et
772 1217 850 1264 via
874 1217 1082 1265 actionis
1105 1224 1251 1264 terrae
1274 1216 1326 1265 in
1351 1223 1504 1263 attra-

117 1290 292 1339 hendis
314 1291 560 1354 gravibus,
585 1292 771 1356 aliquid
792 1292 1014 1341 hocloco
1039 1292 1300 1341 dicendum
1324 1299 1414 1340 est.

124 1411 130 1414 .
187 1373 234 1416 3.
269 1367 344 1414 Ex
366 1366 621 1431 supposito
645 1376 787 1416 motu
817 1369 932 1417 solis
961 1368 1179 1432 simplice
1215 1367 1505 1431 congregari
1524 1378 1716 1428 Diffqrentia

118 1443 439 1507 homogenea,
475 1443 701 1508 dissipari
735 1444 1080 1509 heterogenea,
1119 1445 1507 1493 demonstratum
1525 1427 1769 1515 {iiiissassuii'ffe-

120 1526 209 1577 est,
246 1536 352 1583 cap.
389 1535 508 1568 xxl.
546 1528 637 1569 art.
672 1528 715 1569 5.
787 1522 1138 1585 Supposuimus
1174 1522 1322 1569 etiam
1355 1521 1508 1568 inter·
1524 1515 1627 1540 ‘euna
1650 1519 1750 1549 ¹¹¹¹Pe‘

1526 1557 1628 1590 tuum,
1642 1553 1758 1593 quibus

121 1611 290 1660 spersa
334 1612 441 1644 esse
480 1597 654 1645 aetheri
695 1598 984 1661 corpuscula
1021 1598 1260 1661 quaedam,
1299 1597 1415 1652 sive,
1451 1603 1507 1644 ut
1524 1595 1765 1679 ffissssssmffiss'.

120 1680 302 1720 vocant
333 1672 431 1731 alii,
467 1679 675 1733 atomOS,
715 1689 818 1736 prae
854 1674 1006 1722 nimia
1041 1674 1310 1737 exiguitate
1343 1673 1510 1720 invisi·
1527 1688 1609 1724 gunt
1623 1683 1796 1714 interram-

121 1747 260 1806 biles,
308 1748 601 1812 easdemque
655 1749 991 1808 consistentia,
1043 1750 1217 1813 figura,
1261 1756 1414 1807 motu,
1463 1756 1513 1796 et

122 1823 463 1888 magnitudine
487 1824 770 1873 differentes
792 1846 804 1880 ;
841 1841 901 1873 ex
925 1842 1022 1889 quo
1053 1827 1112 1874 fit
1132 1835 1189 1874 ut
1212 1842 1380 1874 earum
1403 1825 1512 1873 aliae

122 1899 188 1948 ad
219 1907 417 1959 terram,
456 1900 565 1949 aliae
599 1901 664 1949 ad
695 1901 919 1965 planetas
953 1902 1075 1950 alios
1117 1909 1511 1966 congregentur3

123 1976 232 2024 aliae
254 1991 372 2024 vero
395 1977 446 2024 in
475 1976 646 2040 spatiis
677 1977 851 2025 mediis
884 1977 1306 2025 circumferantur.
1378 1977 1515 2026 Quo-

122 2052 256 2105 niam
292 2059 459 2100 autem
493 2052 660 2111 atomi,
698 2069 807 2116 quae
841 2053 906 2101 ad
946 2053 1173 2102 tellurem
1210 2054 1513 2112 deferuntur,

122 2129 297 2192 figura,
335 2135 491 2187 motu,
529 2136 580 2176 et
620 2129 960 2192 magnitudine
997 2129 1129 2177 inter
1171 2146 1222 2178 se
1265 2130 1512 2190 differunt,

124 2203 348 2252 incident
370 2204 422 2252 in
448 2211 631 2253 terram
661 2221 774 2252 cum
802 2205 991 2269 impetu
1025 2206 1134 2254 aliae
1167 2208 1370 2270 majore,
1406 2205 1514 2254 aliae

124 2279 343 2328 minore:
381 2296 590 2344 cumque
613 2281 870 2344 gravitatis
894 2282 1076 2346 gradus
1099 2298 1201 2330 non
1219 2282 1363 2330 aliter
1385 2282 1516 2330 aesti-

125 2371 330 2415 memus,
374 2372 522 2420 quam
565 2373 654 2420 per
699 2373 867 2405 earum
912 2357 964 2405 in
1003 2364 1186 2406 terram
1234 2358 1517 2406 cadentium

128 2433 366 2496 majorem
405 2433 706 2481 minoremve
747 2433 1002 2496 impetum,
1044 2434 1200 2496 magis
1239 2434 1409 2497 gravia
1444 2434 1518 2482 di-

129 2508 285 2557 cenda
307 2524 366 2557 ea
388 2516 518 2566 sunt,
538 2524 746 2572 quorum
769 2509 981 2572 impetus
1002 2517 1077 2557 est
1095 2511 1266 2573 major,
1289 2518 1340 2557 et
1357 2510 1518 2558 minus

120 2584 324 2649 gravia,
338 2600 549 2648 quorum
573 2584 784 2648 impetus
812 2594 886 2633 est
918 2586 1094 2634 minor.
1164 2586 1518 2649 Inquirendum

129 2673 248 2724 ergo
288 2668 380 2720 est,
417 2677 513 2725 quo
548 2661 697 2709 modo
732 2661 840 2709 fieri
880 2669 1058 2725 potest,
1099 2670 1156 2710 ut
1193 2678 1455 2725 corporum
1490 2679 1517 2711 e

130 2736 326 2785 sublimi
348 2737 401 2785 in
423 2744 606 2786 terram
630 2736 1050 2797 descendentium,
1083 2738 1179 2786 alia
1205 2740 1389 2802 majore
1422 2739 1518 2787 alia

130 2812 320 2862 minore
348 2813 569 2862 ferantur
599 2813 816 2877 impetu;
852 2813 904 2862 id
931 2821 1020 2872 est,
1056 2822 1113 2862 ut
1147 2814 1243 2862 alia
1276 2815 1383 2863 aliis
1418 2816 1518 2864 sint

131 2889 372 2952 graviora.
441 2889 719 2938 Videndum
743 2898 818 2938 est
842 2890 1007 2949 etiam,
1032 2906 1128 2953 quo
1161 2890 1307 2938 modo
1340 2907 1518 2956 corpus
