1910 3256
420 239 516 302 424
976 251 1229 285 PHYsch.

175 363 368 438 PAR3531V·
421 368 566 422 prout
588 360 741 424 frigus
763 361 918 424 magis
940 361 1159 409 minusve
1182 361 1465 409 intenditur.
1523 362 1586 409 Et
1607 377 1788 420 rursus,

182 430 369 476 »vss‘
421 435 551 482 facto
568 436 726 483 calore
741 437 1019 495 intensiore,
1028 437 1105 484 vel
1118 437 1299 499 frigore
1317 436 1604 495 remissiore,
1621 437 1790 484 eadem

422 526 547 572 aqua
564 519 762 574 propter
785 512 1073 574 gravitatem
1095 513 1355 575 propriam,
1380 512 1431 559 id
1461 519 1549 569 est,
1574 528 1604 559 a
1629 527 1788 570 causa,

424 601 567 648 quam
591 602 735 649 supra
757 587 1088 649 explicuimus,
1118 587 1386 650 gravitatis,
1411 587 1722 649 deprimetur.

163 666 267 698 Causa
280 671 386 717 rrgotus
496 667 567 708 13.
592 661 753 708 Etiam
767 661 994 708 animalia
1012 662 1101 708 etsi
1115 662 1283 724 gravia
1297 662 1410 720 sint,
1431 661 1608 709 elevari
1624 669 1788 709 tamen

163 720 371 785 ἓῗιῖῗᾷᾞιᾞε.
423 736 563 794 saltu,
606 744 798 794 natam,
834 736 1015 794 volatu,
1053 736 1369 799 aliquousque
1404 743 1622 800 possunt.
1692 736 1790 785 Sed

420 827 519 858 non
543 812 599 858 fit
622 811 730 869 hoc,
755 811 848 858 nisi
872 811 1063 874 corpori
1086 811 1230 858 alicui
1253 812 1524 870 innitendo,
1548 819 1604 859 ut
1626 819 1788 871 terrae,

421 902 559 948 aquae
603 886 681 933 vel
725 885 826 932 aeri
870 886 1130 932 resistenti.
1201 886 1402 933 Initium
1447 887 1576 933 enim
1621 902 1789 934 eorum

419 968 639 1007 motuum
663 968 738 1007 est
761 977 790 1008 a
819 961 1032 1023 corporis
1067 961 1284 1019 animati,
1320 977 1411 1024 ope
1445 962 1787 1021 musculorum,

420 1035 766 1083 contractione.
838 1036 980 1082 Hanc
1005 1036 1134 1083 enim
1159 1036 1541 1083 contractionem
1569 1036 1789 1099 sequitur

420 1110 634 1173 corporis
653 1111 802 1158 totius
821 1111 1067 1169 distensio,
1094 1127 1189 1173 qua
1211 1119 1344 1158 terra
1365 1111 1442 1158 vel
1465 1127 1590 1174 aqua
1606 1112 1683 1159 vel
1705 1127 1789 1159 aer

420 1185 498 1232 cui
530 1185 819 1243 innituntur,
859 1185 1222 1248 comprimitur;
1258 1185 1371 1232 inde
1402 1202 1490 1248 per
1511 1201 1788 1249 pressorum

419 1261 714 1308 reactionem
734 1261 1002 1323 acquiritur
1025 1261 1221 1308 animali
1246 1269 1447 1308 conatus
1472 1277 1677 1320 sursum,
1703 1261 1788 1309 sed

419 1335 501 1397 qui
522 1351 609 1397 per
630 1335 920 1398 gravitatem
944 1335 1158 1398 corporis
1183 1335 1280 1382 cito
1305 1335 1558 1383 amittitur.
1616 1337 1788 1399 Itaque

419 1417 598 1457 conatu
620 1410 701 1457 illo
740 1410 954 1457 elevatur
991 1411 1186 1473 quidem
1223 1411 1400 1458 animal
1435 1411 1785 1474 aliquantulum

419 1485 469 1531 in
515 1486 655 1543 saltu,
700 1485 782 1532 sed
827 1502 1000 1548 parum
1043 1486 1262 1549 proficit;
1320 1494 1493 1533 natatu
1529 1494 1692 1534 autem
1736 1495 1788 1534 et

418 1561 583 1608 volatu
606 1560 866 1624 plurimum
886 1582 897 1616 ;
922 1570 1182 1624 propterea
1206 1561 1336 1624 quod
1357 1561 1492 1608 nisus
1516 1569 1628 1609 ante
1646 1577 1786 1610 reno-

417 1643 560 1682 vatur
584 1652 729 1698 quam
749 1638 948 1684 effectus
973 1638 1092 1699 ejus,
1128 1654 1157 1684 a
1190 1638 1263 1684 sui
1288 1637 1503 1700 corporis
1527 1636 1785 1700 gravitate,

416 1711 611 1773 penitus
636 1712 963 1774 extinguatur.

484 1786 630 1834 Quod
665 1803 694 1834 a
732 1787 780 1834 vi
819 1787 1009 1844 animae,
1048 1787 1150 1834 sine
1190 1787 1517 1834 musculorum
1563 1794 1785 1834 contrac-
1832 1848 1839 1851 .

415 1861 550 1908 tione
574 1861 908 1919 antecedente,
933 1868 1018 1908 aut
1041 1861 1143 1908 sine
1162 1861 1461 1919 fulcimento,
1497 1861 1671 1923 aliquis
1693 1877 1783 1908 un—

416 1952 560 1999 quam
598 1953 770 1999 corpus
816 1952 956 1983 suum
993 1935 1272 1993 elevaverit,
1316 1935 1546 1998 cogitatio
1584 1936 1783 1998 puerilis

415 2019 502 2058 est.
573 2013 700 2058 Nam
746 2012 787 2058 si
831 2011 902 2058 ita
948 2018 1088 2068 esset,
1125 2011 1310 2057 elevare
1349 2025 1399 2057 se
1434 2018 1597 2073 posset
1635 2011 1782 2059 homo

415 2103 663 2150 quousque
685 2087 844 2134 vellet.

137 2163 219 2195 Esse
234 2164 267 2214 53¹
284 2169 397 2195 natura
487 2169 558 2209 14.
595 2162 917 2225 Diaphanum,
957 2160 1086 2224 quod
1128 2160 1267 2208 oculo
1309 2159 1653 2207 circumfusum
1692 2167 1782 2219 est,

136 2217 396 2290 Ξὲἷὲοὲῗαῗῑῗιῖῗε
412 2237 652 2285 invisibile
676 2245 779 2290 est;
814 2253 972 2299 neque
1008 2237 1060 2283 in
1095 2251 1206 2283 aere
1243 2251 1341 2292 aer,
1375 2251 1534 2298 neque
1570 2235 1622 2282 in
1656 2251 1783 2298 aqua

135 2299 313 2367 35⁰2?ssss
328 2304 398 2367 5(ῗῖζῖ
414 2329 553 2375 aqua,
591 2320 675 2359 aut
713 2312 985 2375 quicquam,
1011 2311 1141 2374 quod
1162 2328 1260 2358 non
1296 2311 1359 2358 sit
1381 2311 1593 2374 opacius,
1627 2310 1782 2357 videri

136 2380 357 2420 tinguendum·
412 2395 587 2451 potest.
656 2388 724 2434 At
746 2388 797 2434 in
822 2388 1030 2435 confinio
1066 2387 1271 2434 duorum
1296 2402 1552 2449 corporum
1582 2377 1780 2448 diapha-

412 2480 588 2511 norum
612 2463 818 2510 alterum
842 2463 901 2509 ab
926 2463 1079 2509 altero
1105 2461 1339 2524 distingui
1361 2469 1538 2524 potest.
1608 2455 1779 2523 Itaque

412 2539 597 2597 rustici,
623 2538 706 2601 qui
746 2538 954 2600 spatium
995 2538 1046 2585 in
1084 2554 1179 2600 quo
1217 2553 1377 2584 aerem
1414 2552 1517 2583 esse
1559 2535 1778 2593 dicimus,
1846 2559 1849 2561 ·

411 2615 555 2661 inane
601 2629 702 2660 esse
755 2613 975 2671 credunt,
1021 2629 1119 2659 non
1166 2620 1278 2659 sunt
1322 2611 1617 2674 perridiculi.
1710 2610 1779 2657 Ut

410 2697 634 2752 putemus
658 2703 819 2735 aerem
842 2703 946 2734 esse
970 2687 1165 2749 aliquid,
1190 2687 1378 2734 ratione
1395 2702 1514 2748 opus
1530 2692 1615 2732 est.
1655 2685 1778 2733 Quis

413 2765 540 2811 enim
564 2770 637 2810 est
660 2779 719 2810 ex
742 2763 960 2810 sensibus
996 2762 1172 2809 nostris
1206 2773 1295 2825 per
1330 2777 1473 2824 quem
1505 2760 1776 2824 judicamus

413 2855 516 2886 esse
540 2854 716 2894 acrem,
741 2854 884 2900 quem
907 2853 1063 2900 neque
1085 2837 1321 2893 videmus,
1355 2851 1513 2898 neque
1536 2835 1773 2893 audimus,
