1936 3262
527 299 641 327 VITAE
667 297 913 327 HOBBIANAE
937 297 1218 327 AUCTARIUM.
1575 285 1605 327 ll

168 409 407 454 rDeeanus
436 418 578 453 autem
615 408 778 452 Hobbii
807 409 964 452 factum
994 408 1287 460 stomachatus,
1318 418 1606 453 anteactorum

145 499 319 544 ‘interim
337 501 570 550 immemor,
594 500 831 542 Antonium
847 515 872 542 a
889 499 1022 542 Wood
1036 499 1202 542 acribus
1218 499 1442 556 compellat
1454 501 1604 552 verbis,

145 596 351 649 unquam
370 590 481 641 mala
499 590 584 633 fide
603 605 744 633 secum
764 599 974 648 agentem,
1003 590 1078 648 qui
1108 590 1197 647 ipso
1217 590 1347 632 inscio
1372 590 1605 634 clanculam

146 682 495 726 nerum-notitiam
510 681 687 725 Hobbio
699 690 982 740 suggesserat:
1012 681 1115 739 quin
1131 691 1175 723 et
1195 681 1401 724 acerbiori
1414 696 1606 724 sermone

76 764 105 822 :⁹⁴
146 771 202 815 ἰῑιΞ
228 772 450 816 Hobbium
484 773 675 816 invectus
708 781 772 815 est
784 788 796 824 ;
836 787 922 815 non
954 772 1103 815 decere
1132 772 1289 815 scilicet
1322 787 1477 824 senem,
1513 773 1604 830 jam

76 855 93 919 ‘j
144 862 384 921 uapularem
403 873 533 922 atque
556 864 735 907 alterum
757 864 801 906 in
829 864 1055 907 Charontis
1089 864 1242 921 cymba
1262 864 1414 921 pedem
1442 864 1605 907 haben-

41 945 90 1019 ‘vs'
144 963 246 1007 tem,
279 953 334 998 de
363 954 569 999 doctrinae
607 955 720 998 fama
758 966 802 999 et
835 956 1125 999 controversiis
1159 955 1354 998 literariis
1394 955 1602 999 solicitum

53 1039 81 1100 ’ς-
140 1062 256 1100 esse3
285 1049 440 1092 animae
458 1048 597 1106 potius
617 1047 741 1091 saluti
761 1047 1008 1099 consuleret,
1031 1057 1074 1090 et
1093 1047 1147 1090 de
1167 1047 1230 1099 iis,
1253 1063 1349 1105 quae
1369 1048 1425 1090 ad
1445 1047 1602 1091 facilio-

60 1121 87 1184 'ſs>
143 1153 236 1183 rem
249 1139 294 1182 in
306 1140 525 1201 beatorum
542 1139 659 1182 sedes
673 1139 908 1197 ingressum
924 1138 1176 1190 conferrent,
1191 1139 1406 1197 cogitaret.
1454 1139 1601 1190 Quum

142 1245 270 1290 porro
295 1230 352 1274 ad
370 1230 648 1288 colophonem
669 1230 922 1274 Oxoniensis
951 1230 1137 1274 historiae
1168 1242 1334 1274 vacaret
1361 1231 1521 1284 folium,
1553 1242 1601 1274 ut

75 1327 79 1340 ³
141 1322 311 1382 publica
329 1323 458 1365 etiam
486 1322 811 1379 reprehensione
833 1321 1055 1364 Hobbium
1085 1323 1326 1380 corriperet,
1354 1334 1599 1381 sequentem

60 1414 91 1446 θ.
140 1413 545 1472 adjecitepismlam.

646 1577 830 1620 Em'ron
852 1577 1072 1621 LEc'rom.

199 1693 231 1716 ‘⁸
243 1687 413 1731 Prodiit
421 1700 559 1745 nuper
568 1687 716 1730 charta
727 1687 898 1738 famosa,
915 1702 1012 1745 quae
1028 1686 1205 1744 epistola
1217 1686 1397 1730 Thomae
1421 1686 1597 1730 Hobbes

143 1778 535 1823 malmesburiensis
580 1778 636 1822 ad
674 1779 896 1822 authorem
949 1782 1156 1824 Historiae
1197 1786 1241 1823 et
1278 1781 1596 1836 Antiquitatum

129 1873 444 1934 xviv-*versitatis
464 1874 715 1916 Ooeoniensis
733 1886 822 1914 esse
849 1871 1017 1922 dicitur,
1045 1880 1089 1913 et
1115 1870 1340 1913 inserenda
1358 1870 1413 1912 ad
1432 1885 1473 1928 p.
1496 1873 1594 1922 376,

58 1974 82 1996 ³²
139 1960 187 2007 in
203 1962 278 2007 lib.
294 1962 336 2006 ii.
399 1960 466 2006 Ne
490 1973 633 2006 autem
653 1963 822 2006 incauto
841 1962 987 2006 lectori
1007 1962 1127 2006 sucus
1156 1962 1311 2004 exinde
1337 1962 1424 2014 fiat,
1453 1963 1596 2020 paucis

52 2060 88 2110 -χίδ
139 2053 402 2099 monendum
433 2069 531 2097 eum
571 2053 782 2106 duximus,
823 2054 1108 2097 conviciorum
1148 2054 1354 2096 sarcinam
1393 2053 1502 2096 hanc
1540 2053 1595 2096 ad

55 2154 78 2183 ¹22
138 2143 296 2190 librum
323 2145 576 2203 praedietum
603 2147 778 2190 minime
803 2147 1043 2204 pertinere3
1072 2160 1199 2204 porro
1219 2145 1379 2188 nullam
1399 2145 1594 2188 idoneam

40 2225 72 2250 '³²
137 2237 307 2282 ,χώρεε
328 2252 510 2290 causam,
541 2253 618 2281 cur
641 2241 856 2283 irritabile
884 2242 997 2283 illud
1023 2246 1067 2282 et
1093 2241 1367 2282 vanissimum
1387 2239 1594 2281 Malmesn

138 2329 333 2374 Merme
348 2333 518 2375 animal
535 2330 733 2373 adversus
752 2330 938 2373 historiae
957 2330 1172 2387 praedictae
1199 2328 1403 2371 editorem
1423 2327 1594 2370 invehe-

58 2411 84 2462 Ὗ,
139 2428 272 2464 retur.
288 2446 291 2449 v
324 2420 421 2464 'Res
436 2430 525 2465 tota
543 2422 602 2464 sic
614 2437 658 2464 se
674 2421 814 2465 habet.
877 2421 1160 2480 Magnificum
1177 2419 1395 2463 Hobbesio
1407 2418 1592 2477 elogium

55 2496 89 2572 ζ]
137 2480 385 2564 adornavit,
407 2521 494 2564 aut,
534 2512 651 2571 quod
688 2527 789 2556 vero
820 2514 1006 2571 propius,
1047 2514 1102 2556 ab
1143 2512 1360 2556 Hobbesio
1394 2511 1473 2569 ipsi
1512 2511 1592 2554 sibi

58 2597 70 2628 “³
110 2650 116 2655 ⁶
136 2600 404 2655 adornatum,
417 2603 500 2646 huc
513 2603 742 2647 transmisit
755 2603 930 2662 quidam
942 2603 1138 2646 dominus
1153 2602 1192 2646 J.
1203 2604 1256 2645 A.
1273 2617 1370 2645 eum
1385 2603 1431 2645 in
1445 2603 1588 2654 finem,

32 2694 33 2698 ’
137 2700 188 2735 ut
201 2692 319 2750 operi
337 2693 436 2737 huic
455 2694 583 2738 inseri
601 2696 755 2753 possit:
786 2704 831 2738 at
849 2710 949 2738 vero
978 2710 1075 2738 cum
1098 2694 1256 2738 ibidem
1281 2694 1414 2737 multa
1441 2709 1590 2737 occur-

59 2790 84 2849 -’;
121 2793 281 2827 -rerent
313 2785 368 2828 ab
399 2785 591 2830 instituto
620 2787 717 2830 satis
746 2787 884 2831 aliena
909 2797 953 2831 et
985 2787 1152 2830 veritati
1184 2787 1357 2829 minime
1391 2801 1587 2838 consona,

135 2886 215 2934 pro
228 2875 327 2932 jure
341 2891 416 2920 suo
436 2876 508 2920 illa
527 2879 768 2936 recognovit
786 2879 951 2933 editor;
982 2878 1041 2921 ita
1060 2886 1201 2921 tamen
1221 2888 1269 2919 ut
1297 2881 1387 2921 viro
1409 2881 1590 2934 pessime

1372 2984 1395 3010 e
1416 2971 1443 3010 2
