1936 3262
280 362 395 436 ΡΑῙΞῨ
420 364 489 396 111.

303 430 466 475 qd

522 239 618 281 260
847 250 917 283 DE
945 251 1279 285 RATIONIBUS
1306 253 1562 288 Mo'rUUM.

519 359 649 407 enim
663 359 726 407 ad
749 369 971 408 centrum
1006 378 1147 409 arcus
1184 362 1224 409 Β
1241 363 1280 409 Ε
1315 372 1452 411 recta
1475 364 1514 411 B
1535 365 1586 422 F,
1623 380 1731 427 quae
1754 366 1890 435 radio
1935 379 1936 437 ᾗ

517 435 562 481 A
583 435 620 482 C
640 435 704 482 sit
728 436 942 499 aequalis,
980 453 1038 483 ea
1062 446 1112 483 et
1130 438 1315 499 junctae
1340 439 1376 485 F
1392 440 1432 486 E
1458 439 1531 487 vel
1557 439 1595 487 C
1616 439 1660 487 D
1692 439 1891 504 aequalis',
1935 459 1936 462 ¹

515 510 610 557 erit
632 531 643 565 ;
682 518 731 558 et
745 511 951 574 angulus
976 512 1016 558 B
1038 512 1074 558 F
1092 513 1132 558 E
1156 514 1353 575 aequalis
1378 514 1556 577 angulo
1580 515 1624 561 A
1643 514 1682 562 C
1703 515 1763 562 D.
1817 504 1892 564 Sit-2

511 586 613 647 jam
632 586 916 633 intersectio
938 595 1183 634 rectarum
1204 587 1241 634 C
1261 588 1320 647 A,
1343 589 1382 635 Β
1398 589 1437 635 Ε
1458 588 1520 636 ad
1543 589 1599 636 G.
1669 585 1895 654 Angulus

520 676 637 723 ergo
673 661 711 708 C
728 661 839 718 GE,
875 669 1078 724 propter
1114 662 1223 720 ΒΕ,
1259 663 1363 710 AD
1397 663 1668 726 parallelaS,
1693 665 1890 728 aequalis

517 743 591 782 est
614 736 792 798 angulo
818 736 861 783 D
881 736 926 782 A
942 736 995 784 C.
1067 736 1159 783 Sed
1188 744 1238 783 et
1260 739 1466 800 angulus
1500 739 1540 785 E
1561 738 1602 785 B
1621 739 1659 785 F
1694 736 1897 803 aequalis

518 817 593 856 est
617 810 774 858 eidem
801 811 845 858 D
865 811 910 858 A
932 810 985 858 C.
1039 811 1266 874 AEquales
1287 827 1403 874 ergo
1428 820 1543 860 sunt
1566 813 1733 876 ang-uli
1755 804 1896 863 OGE

517 893 567 932 et
589 886 629 932 E
650 886 689 933 B
705 887 756 933 F.
828 886 991 935 Quare
1018 887 1058 933 A
1079 887 1132 945 C,
1159 887 1199 934 B
1219 888 1256 933 F
1277 888 1521 950 parallelae
1546 897 1675 937 sunt.
1746 881 1898 939 Quod

519 969 625 1008 erat
649 961 1021 1009 ostendendum.
1884 956 1895 963 ’

581 1043 626 1083 2.
664 1036 740 1083 Sit
764 1036 906 1084 datus
931 1037 1140 1084 circulus
1169 1037 1237 1098 (in
1258 1038 1340 1100 fig.
1361 1039 1412 1098 2)
1437 1040 1574 1102 cujus
1590 1047 1813 1087 centrum
1827 1032 1898 1100 A?

434 1061 459 1081 Sl

432 1147 498 1166 ma-
516 1111 681 1158 radius
723 1111 767 1157 A
787 1111 843 1158 B.
930 1113 993 1159 Et
1034 1120 1203 1159 centro
1244 1113 1300 1171 B,
1338 1113 1475 1161 radio
1517 1114 1735 1176 quolibet
1777 1114 1817 1162 B
1833 1110 1894 1174 ΟΣ

439 1181 497 1253 ζῑξζ
517 1186 790 1248 descriptus
815 1186 879 1233 sit
902 1187 1146 1250 epicyclus
1172 1186 1210 1234 C
1227 1188 1271 1234 D
1285 1189 1341 1235 E.
1394 1188 1704 1252 Intelligatur
1726 1197 1897 1257 autem,

399 1276 471 1296 revo
486 1283 498 1290 ·
516 1269 742 1308 centrum
781 1262 820 1308 B
858 1262 1124 1324 circumagi
1158 1262 1289 1310 circa
1329 1271 1553 1311 centrum
1588 1264 1650 1323 A,
1694 1260 1892 1328 unaque'

479 1363 497 1382 a
514 1344 648 1384 totus
672 1337 916 1399 epicyclus
942 1337 980 1384 C
995 1337 1038 1384 D
1053 1338 1109 1393 E,
1134 1337 1290 1384 donec
1313 1338 1559 1386 coincidat
1573 1355 1684 1387 cum
1705 1334 1903 1389 circulo*

439 1405 458 1425 ¹¹
475 1452 485 1457 -
516 1413 552 1458 F
568 1412 610 1459 G
626 1412 691 1469 H,
727 1412 939 1459 habente
965 1420 1186 1459 centrum
1213 1413 1252 1460 Ι.
1323 1413 1493 1476 Sitque
1517 1413 1723 1477 angulus
1748 1414 1788 1462 B
1806 1409 1892 1482 ΑΙ

440 1492 496 1554 ²2¹¹·
517 1487 721 1550 quilibet
753 1488 911 1535 datus.
981 1488 1178 1535 Interea
1198 1504 1315 1535 vero
1339 1489 1619 1536 revolvatur
1646 1483 1894 1553 epicyclus‘

347 1577 364 1597 u
437 1568 496 1598 ain
517 1562 555 1609 C
570 1563 613 1609 D
628 1563 667 1609 E
706 1578 852 1625 super
893 1571 1116 1610 centrum
1137 1562 1391 1625 proprium
1419 1563 1475 1622 B,
1511 1563 1742 1612 nimirum
1765 1565 1826 1612 ab
1847 1559 1906 1612 Ε

330 1663 349 1682 u
400 1664 432 1683 es
448 1622 495 1684 if·
515 1637 579 1684 ad
621 1637 660 1684 C
699 1654 788 1700 per
828 1638 888 1696 D,
928 1637 1044 1684 dum
1085 1645 1308 1685 centrum
1345 1638 1385 1685 B
1408 1646 1724 1701 promovetur
1747 1639 1811 1687 ad
1831 1640 1854 1687 I
1873 1635 1892 1709 ξ

390 1707 497 1771 effl'er
513 1713 661 1775 idque
687 1713 954 1760 secundum
979 1712 1173 1760 easdem
1191 1713 1422 1771 rationes,
1457 1714 1510 1761 id
1532 1723 1621 1774 est,
1647 1715 1718 1763 ita
1746 1722 1804 1763 ut
1834 1712 1894 1764 in'

513 1795 725 1850 utroque
748 1795 903 1846 motu,
925 1787 1226 1850 temporibus
1250 1788 1516 1850 aequalibus
1539 1789 1749 1851 aequales
1767 1788 1893 1838 fiant?=

514 1862 698 1925 anguli.
767 1862 891 1909 Dico
916 1878 1057 1910 axem
1080 1862 1299 1925 epicycli,
1337 1863 1421 1925 qui
1440 1863 1502 1911 sit
1525 1864 1565 1911 E
1582 1864 1635 1923 C,
1659 1864 1779 1912 ferri
1794 1865 1890 1930 sibi,

514 1952 704 2000 semper
747 1937 1047 2000 parallelum.
1117 1937 1225 1984 Fiat
1268 1938 1475 2000 angulus
1512 1939 1586 1986 FI
1603 1938 1645 1986 G
1688 1939 1890 2003 aequalis'

512 2012 692 2074 angulo
736 2012 774 2058 B
795 2012 840 2059 A
861 2013 900 2059 I.
976 2012 1136 2059 Erunt
1181 2028 1298 2075 ergo
1345 2013 1440 2071 IF,
1481 2014 1582 2061 AB
1627 2007 1894 2082 parallelaessy

515 2087 863 2150 Quantumque
887 2103 1001 2134 axes
1029 2088 1070 2133 A
1088 2087 1130 2135 G
1167 2087 1390 2137 discessit
1426 2104 1456 2135 a
1485 2089 1594 2136 loco
1619 2105 1706 2137 suo
1724 2090 1894 2153 priores

512 2164 554 2208 A
577 2161 630 2220 C,
657 2178 801 2224 quem
826 2162 1092 2210 discessum
1111 2163 1340 2210 metimur
1361 2171 1450 2226 per
1473 2164 1741 2227 angulum
1728 2180 1885 2228 lpsum

514 2236 612 2283 CA
632 2236 688 2294 G,
715 2237 815 2283 sive
841 2236 879 2283 C
900 2236 938 2282 B
961 2237 1021 2295 D,
1059 2253 1203 2300 quem
1236 2237 1330 2301 ipsi
1369 2239 1684 2301 supponimus
1724 2240 1894 2305 aequa-'f

510 2311 621 2368 lem,
658 2319 852 2358 tantum
887 2311 1113 2359 discessit
1151 2312 1324 2360 eodem
1369 2320 1591 2377 tempore
1637 2315 1740 2363 axis
1785 2309 1889 2375 1G;'

509 2385 638 2432 idem
679 2386 763 2448 qui
798 2386 837 2432 B
860 2386 913 2444 C,
964 2403 994 2434 a
1039 2387 1136 2434 situ
1182 2403 1285 2434 suo.
1356 2387 1467 2436 Quo
1509 2396 1729 2452 tempore
1765 2406 1881 2464 ergo

510 2460 550 2507 Β
571 2461 609 2508 C
653 2460 789 2507 venit
830 2460 894 2508 ad
934 2462 956 2507 I
978 2461 1019 2508 G
1055 2477 1143 2524 per
1189 2469 1376 2509 motum
1411 2478 1440 2509 a
1475 2462 1514 2509 B
1559 2463 1622 2511 ad
1665 2463 1705 2522 I,
1737 2467 1884 2533 supet

510 2543 734 2582 centrum
773 2535 832 2594 A,
881 2535 1054 2583 eodem
1090 2544 1310 2598 tempore
1350 2537 1515 2585 veniet
1547 2537 1589 2585 G
1624 2538 1687 2586 ad
1722 2539 1760 2585 F
1790 2535 1889 2602 per?
1935 2582 1936 2585 ,

509 2618 698 2657 motum
738 2610 790 2657 in
836 2610 1052 2673 epicyclo
1098 2610 1431 2665 contrarium;
1483 2611 1535 2658 id
1581 2619 1671 2671 est,
1720 2603 1891 2661 revol-i‘
1935 2624 1936 2677 ζ

509 2693 651 2732 vetur
675 2685 717 2732 G
738 2684 801 2732 ad
826 2685 879 2743 F,
910 2685 1191 2748 jacebitque
1226 2686 1309 2733 IG
1342 2685 1394 2733 in
1418 2686 1440 2732 I
1461 2687 1512 2734 F.
1584 2687 1679 2735 Sed
1713 2683 1885 2751 anguli
1935 2721 1936 2727 κ

510 2759 547 2805 F
567 2760 588 2806 I
608 2760 664 2817 G,
689 2760 731 2807 G
748 2760 792 2806 A
813 2759 851 2807 C
887 2768 1001 2808 sunt
1035 2760 1261 2823 aequales.
1332 2760 1578 2809 Parallelae
1611 2778 1728 2825 ergo
1760 2768 1887 2812 sunt
