1936 3262
351 243 423 277 nn
442 241 692 278 ,ANGULIS
723 242 1088 287 molon-wrm,
1115 243 1232 276 nro.
1386 236 1476 281 231

595 428 810 482 CAPUT
843 432 985 482 XIX.

256 574 511 613 anavus
553 576 901 613 mcmEN'nAE
942 577 1013 613 ET
1051 575 1424 612 REFLExmms

161 635 180 647 ”
231 627 233 630 ’
607 651 965 696 AEQUALmth.

236 782 238 785 -
251 757 343 798 duae
376 763 492 798 reetae
527 758 740 798 incidentes
774 761 814 798 in
850 765 995 799 rectam
1021 759 1098 798 sint
1129 758 1332 810 parallelae,
1364 758 1480 797 etiam

176 861 202 877 Γ,
222 838 244 869 J'
273 838 288 841 ··
322 820 515 871 parallelae
542 823 779 860 erunt—2.
806 821 848 861 Si
879 822 930 861 ab
960 820 1098 861 eodem
1123 825 1269 872 puncto
1297 825 1480 859 exeuntes

168 877 198 938 ſs:
263 886 380 921 rectae
407 881 578 922 incidant
607 883 648 921 in
678 889 836 930 rectam,
863 884 1015 922 reflexae
1043 895 1175 922 earum
1204 882 1405 933 productae
1438 883 1480 920 in

250 962 253 976 ι
275 962 294 977 ι·
320 948 469 996 partem
496 950 727 984 concurrent
751 945 791 983 in
810 945 963 997 angulo,
992 946 1059 996 qui
1086 945 1135 983 sit
1163 945 1319 996 aequalis
1337 945 1479 996 angulo

161 1044 181 1060 Γ.
196 1011 206 1037 ἰ
231 1004 251 1014 ”
267 1005 318 1044 ab
335 1004 605 1044 incidentibus.
617 1026 669 1034 --
682 1008 719 1046 3.
747 1005 790 1045 si
807 1006 894 1044 duae
911 1011 1027 1045 rectae
1044 1005 1234 1056 parallelae
1251 1005 1423 1044 incidant
1438 1006 1480 1043 iu

305 1066 664 1114 cimumferentiam,
695 1079 828 1106 earum
853 1067 1005 1106 reflexae
1038 1067 1237 1117 productae
1272 1067 1480 1105 introrsum

155 1117 166 1124 ”
209 1127 220 1139 ‘
301 1127 488 1179 angulum
505 1128 666 1179 duplum
682 1128 775 1180 ejus,
794 1129 862 1180 qui
875 1129 920 1167 fit
932 1141 956 1167 a
972 1130 1088 1168 rectis
1105 1141 1129 1167 a
1143 1133 1275 1167 centro
1293 1128 1480 1167 ductisad

175 1231 182 1242 Γ
273 1189 534 1238 incidentiae.
544 1193 646 1229 -4.
675 1190 717 1230 Si
733 1191 783 1229 ab
797 1190 932 1230 eodem
959 1196 1104 1242 puncto
1130 1190 1217 1228 duae
1243 1195 1358 1228 rectae
1385 1191 1479 1229 inci-

190 1252 224 1282 l,-
263 1250 304 1290 in
323 1249 680 1297 circumferentiam,
711 1263 844 1289 earum
876 1251 1028 1290 reflexae
1053 1252 1252 1302 productae
1270 1251 1480 1289 introrsum

138 1334 164 1367 Γ
233 1315 289 1350 -ιῐ
301 1311 487 1363 angulum
505 1312 691 1363 aequalem
709 1311 827 1363 duplo
845 1313 998 1363 angulo,
1018 1313 1085 1364 qui
1098 1312 1143 1350 fit
1156 1326 1180 1350 a
1193 1312 1343 1350 duabus
1365 1312 1480 1350 rectis

128 1369 168 1414 ρ’
181 1377 319 1414 ωηο
336 1372 386 1411 ad
402 1377 548 1424 puncta
564 1373 793 1420 incidentiae,
822 1387 901 1412 una
927 1387 1016 1413 cum
1042 1374 1184 1425 angulo
1213 1374 1478 1412 incidentium.

187 1433 255 1474 Si
269 1434 322 1474 ab
339 1446 418 1474 uno
434 1439 578 1486 puncto
584 1424 779 1474 incidant
806 1435 893 1473 duae
917 1441 1034 1474 rectae
1050 1437 1091 1473 in
1109 1447 1320 1474 concavam
1344 1434 1478 1474 circuli

273 1496 491 1535 eoentiam
509 1495 692 1535 facientes
708 1497 892 1548 angulum
910 1498 1096 1535 minorem
1125 1497 1243 1547 duplo
1269 1497 1410 1548 angulo
1427 1496 1478 1534 ad

114 1532 205 1596 ξ
192 1514 328 1604 trum,
347 1570 480 1597 earum
496 1558 648 1597 reflexae
677 1557 820 1597 facient
846 1559 1041 1610 angulum,
1059 1559 1128 1610 qui
1156 1559 1308 1597 additus
1335 1558 1477 1609 angulo

120 1598 404 1664 weidentium,
435 1619 590 1670 aequalis
621 1618 689 1657 fiet
719 1619 837 1670 duplo
868 1620 1009 1671 angulo
1036 1620 1085 1658 ad
1104 1625 1289 1658 centrum.
1304 1621 1405 1659 —6.
1434 1619 1476 1659 Si

130 1698 146 1728 4,·
181 1683 194 1712 -l
228 1692 350 1718 unum
367 1679 523 1731 aliquod
547 1684 735 1731 punctum
760 1680 847 1718 duae
879 1681 1033 1719 chardae
1063 1681 1269 1732 inaequales
1287 1681 1478 1719 ducantur

128 1787 134 1795 Γ
262 1749 336 1780 se
352 1745 535 1788 secantes,
562 1746 736 1780 centrum
766 1746 897 1780 autem
925 1743 1058 1780 circuli
1084 1744 1184 1781 inter
1214 1755 1278 1781 eas
1309 1743 1476 1792 positum

145 1800 151 1803 ‘
205 1803 309 1850 sit;
329 1808 369 1843 et
380 1815 513 1842 earum
525 1803 677 1843 reflexae
693 1808 925 1842 concurrant
937 1804 1170 1855 ubicunque,
1184 1817 1262 1842 non
1273 1805 1436 1842 ducetur
1452 1816 1476 1842 a

183 1869 298 1937 fcto,
315 1865 420 1904 unde
436 1865 582 1916 priores
599 1865 687 1904 duae
705 1865 832 1903 ductae
850 1870 950 1910 sunt,
969 1866 1044 1904 alia
1060 1871 1177 1912 recta,
1207 1865 1316 1917 cujus
1333 1866 1476 1906 reflexa

214 1931 311 1966 ¹-eat
334 1939 406 1978 per
422 1927 586 1966 duarum
617 1928 791 1978 priorum
807 1928 1037 1966 reflexarum
1054 1933 1241 1979 punctum
1260 1940 1475 1966 commune.

168 1988 317 2028 Idem
345 1988 387 2027 in
416 1988 570 2027 chordis
598 1988 809 2039 aequalibus
835 2001 913 2027 non
940 1994 998 2027 est
1015 2002 1161 2027 verum.
1174 2010 1226 2016 —
1240 1991 1277 2028 8.
1304 1988 1445 2027 Datis·
1434 2001 1475 2026 1n

146 2089 161 2106 Γ,
206 2049 275 2089 ·1ἰ
308 2049 617 2090 circumferentia
651 2050 802 2088 duobus
836 2051 1001 2101 punctis,
1036 2051 1086 2088 ad
1122 2063 1168 2089 ea
1202 2055 1346 2101 puncta
1381 2050 1475 2088 duas

118 2102 136 2109 ,.
276 2112 333 2152 ita
349 2111 502 2158 ducere,
520 2117 566 2150 ut
581 2124 715 2150 earum
732 2112 883 2150 reflexae
901 2112 1032 2150 datum
1046 2113 1267 2151 contineant
1279 2112 1475 2162 angulum.

120 2167 155 2203 ’ἲ
144 2213 162 2224 ,
205 2173 249 2214 Si
264 2178 372 2213 recta
387 2173 589 2212 incidens'
578 2186 620 2211 m
638 2173 772 2212 circuli
799 2173 1148 2212 circumferentiam
1172 2174 1406 2224 producatur
1423 2173 1475 2211 ad

99 2215 472 2286 ⁴1²···n,etrum
491 2235 617 2286 sitque
634 2248 722 2286 pars
740 2234 822 2287 ejus
839 2235 1052 2286 intercepta
1077 2237 1177 2274 inter
1204 2234 1474 2274 circumferen-

98 2287 171 2348 53³
215 2302 288 2336 et
303 2297 628 2336 semidiametrum
658 2296 814 2348 aequalis
845 2298 945 2347 parti
977 2297 1248 2335 semidiametri
1270 2309 1356 2348 quae
1374 2301 1432 2334 est
1448 2309 1473 2334 a

100 2344 143 2405 ,]’”
156 2356 161 2362 ”
198 2379 202 2388 ¹
237 2370 328 2398 unu
363 2359 412 2398 ad
448 2364 635 2405 centrum,
670 2359 744 2398 erit
789 2360 932 2398 reflexa
965 2359 1247 2398 semidiametro
1282 2358 1472 2409 parallela.

143 2415 187 2469 ’ᾗ
221 2419 276 2459 ‘Si
292 2432 317 2460 a
332 2425 478 2471 puncto
494 2421 597 2459 intra
613 2420 800 2459 circulum
818 2420 1009 2460 ducantur
1026 2421 1112 2459 duae
1130 2427 1245 2460 rectae
1262 2420 1473 2459 incidentes

106 2489 169 2539 3¹
194 2482 329 2522 ‹in-culi
360 2481 721 2529 circumferentiam,
753 2495 917 2533 quarum
948 2482 1100 2520 reflexae
1129 2487 1270 2520 coeunt
1296 2483 1336 2520 in
1354 2483 1473 2532 ipsius

129 2586 131 2590 ,
150 2561 203 2603 3:
228 2543 271 2582 ·li
302 2542 621 2590 circumferentia,
653 2544 815 2595 angulus
847 2557 963 2595 quem
994 2544 1192 2582 continent
1222 2544 1374 2582 reflexae
1400 2545 1474 2582 erit

156 2600 172 2616 ¹¹
214 2603 354 2657 ’.Ρατε
370 2605 502 2657 anguli
520 2618 636 2658 quem
653 2607 852 2646 continent
868 2606 1091 2645 incidentes.

145 2892 168 2905 ..
191 2884 212 2905 ι’
247 2886 254 2905 ·
295 2862 393 2913 iem
436 2863 647 2927 aequales
692 2863 885 2924 efficiat,
930 2879 1032 2912 non
1078 2869 1153 2912 est
1187 2862 1333 2926 hujus
1372 2862 1469 2912 1οοί

118 2719 294 2768 πω(
338 2726 533 2775 corpus,
594 2710 818 2759 incidens
875 2711 928 2759 in
972 2709 1211 2773 corporis
1268 2709 1467 2758 alterius
1515 2724 1632 2758 PARS
1648 2726 1719 2760 111

1583 2771 1632 2802 19.

164 2787 394 2839 urficiem
424 2794 476 2836 et
513 2787 574 2836 ab
603 2803 664 2836 ea
700 2787 951 2846 reflexum,
989 2785 1196 2850 angulos
1231 2785 1296 2834 ad
1332 2785 1467 2846 iliam
1521 2816 1699 2842 »φᾶ
