1936 3262
204 397 322 430 PARS
339 397 390 429 ΙΙ.
425 388 521 436 hoc
561 394 635 435 est
669 387 715 434 A
746 387 809 435 ad
851 387 921 442 B;
969 402 1119 449 quare
1162 402 1220 433 ex
1259 402 1398 449 aequo
1435 402 1524 449 per
1563 386 1803 437 rationem

271 442 319 474 13.

202 489 381 514 »η’-ν
425 463 762 528 perturbatam
782 470 926 510 erunt
950 462 1010 509 A.
1027 463 1070 509 D
1098 481 1109 509 :
1133 480 1144 509 ε
1170 462 1225 509 Ε.
1247 461 1285 509 C
1307 461 1707 525 proportionalia.

169 537 313 570 Rationi-

167 581 377 613 arithmeticae

168 624 411 666 etgeometricae
428 614 700 678 inaequalia,
737 613 1029 676 interposita
1062 619 1376 676 quotcunque
1409 612 1585 669 media,
1618 619 1720 661 tam
1755 612 1808 664 in

167 668 369 711 comparatio.

430 267 522 311 150
806 274 1180 310 PHILOSOPHIA
1204 274 1394 309 PmMA.

494 545 574 588 26.
613 539 664 587 Si
687 539 872 586 fuerint
889 538 1019 585 inter
1045 537 1216 584 eadem
1240 547 1473 595 extrema,
1499 536 1585 584 sed
1606 537 1736 585 inter
1754 553 1806 587 se

427 690 727 753 geometrica
760 705 905 752 quam
930 688 982 735 in
1015 687 1325 736 arithmetica
1354 688 1561 746 ratione,
1600 686 1808 737 totidem

427 765 707 828 utrobique,
767 764 960 827 singula
1016 763 1180 811 media
1235 763 1440 811 rationis
1497 763 1808 826 geometricae

429 848 573 889 erunt
597 840 802 903 singulis
826 840 999 887 mediis
1024 839 1230 886 rationis
1255 839 1578 887 arithmeticae
1602 839 1805 889 minora.

430 916 539 963 Sint
563 915 693 962 enim
716 915 846 962 inter
870 915 914 961 A
936 914 1192 961 minimum
1226 921 1275 961 et
1298 915 1337 961 E
1370 915 1637 963 maximum
1657 915 1811 964 inter-

427 992 590 1055 posita
629 991 681 1037 in
726 990 919 1037 ratione
957 989 1271 1052 geometrica,
1317 990 1455 1038 verbi
1495 990 1671 1054 gratia,
1716 990 1812 1039 tria

429 1067 590 1115 media
613 1067 669 1122 B,
695 1067 748 1122 C,
771 1067 815 1113 D
839 1086 849 1120 ;
887 1073 936 1113 et
959 1066 1010 1113 in
1045 1066 1236 1113 ratione
1273 1065 1583 1114 arithmetica
1605 1065 1812 1116 totidem
1935 1101 1936 1104 =

431 1143 482 1199 F,
520 1142 575 1200 G,
610 1142 692 1196 H;
742 1141 850 1188 dico
890 1141 929 1188 B
968 1158 1114 1204 quam
1152 1142 1203 1197 F,
1243 1140 1282 1187 O
1320 1157 1466 1204 quam
1501 1141 1556 1199 G,
1583 1141 1626 1190 D
1661 1157 1812 1205 quam
1885 1187 1887 1189 ,
1935 1151 1936 1187 3

433 1218 480 1265 H
497 1218 657 1264 minus
674 1232 794 1264 esse.
847 1217 935 1263 Est
960 1217 1105 1274 enim,
1132 1216 1358 1279 primum,
1386 1216 1661 1267 differentia
1677 1217 1809 1267 inter

431 1295 476 1341 A
516 1300 565 1340 et
602 1293 638 1339 F
675 1292 845 1339 eadem
887 1308 995 1355 quae
1051 1292 1181 1339 inter
1222 1293 1260 1339 F
1292 1300 1341 1339 et
1376 1292 1418 1340 G
1455 1292 1556 1341 sive
1591 1292 1634 1341 G
1676 1300 1726 1341 et
1763 1293 1812 1341 H
1895 1309 1911 1354 ς

431 1357 650 1433 (propter
683 1368 926 1415 rationem
972 1368 1358 1429 arithmeticam)
1385 1388 1396 1423 ς
1433 1368 1641 1431 ideoque
1677 1367 1815 1417 diffe-

432 1445 593 1492 rentia
636 1444 766 1491 inter
808 1444 1000 1507 singula
1038 1444 1264 1506 proxima
1308 1443 1695 1507 proportionalia
1741 1451 1816 1492 est

434 1519 721 1568 differentiae
757 1527 1102 1578 extremorum,
1138 1519 1223 1566 ubi
1246 1519 1446 1567 unicum
1474 1526 1548 1566 est
1581 1519 1812 1578 medium,

436 1595 676 1649 semissis;
713 1595 797 1642 ubi
823 1595 934 1653 duo,
965 1595 1146 1650 triens3
1183 1595 1268 1642 ubi.
1292 1595 1402 1654 tria,
1433 1595 1693 1659 quadranS,
1729 1597 1814 1645 διο.
1893 1595 1904 1613 ³

434 1672 486 1720 in
509 1672 603 1718 hoc
628 1671 848 1733 exemplo
874 1687 990 1733 ergo
1016 1678 1090 1718 est
1119 1670 1379 1734 quadrans,
1448 1671 1516 1719 At
1541 1670 1815 1720 differentia
1876 1735 1880 1739 ῃ

435 1748 566 1795 inter
585 1747 628 1793 D
654 1754 704 1793 et
727 1747 766 1793 E
796 1746 904 1808 (per
923 1753 1014 1793 art.
1043 1746 1121 1808 17)
1151 1753 1225 1793 est
1248 1746 1358 1809 plus
1393 1762 1541 1809 quam
1573 1746 1818 1810 quadrans
1877 1744 1880 1749 ’

438 1822 728 1870 differentiae
753 1829 1098 1880 extremorum,
1122 1828 1327 1884 propter
1358 1822 1601 1872 rationem
1623 1838 1818 1885 geome-

437 1898 627 1956 tricam,
668 1897 943 1945 differentia
978 1913 1095 1960 ergo
1133 1897 1263 1944 inter
1303 1897 1349 1944 A
1375 1905 1426 1945 et
1466 1897 1510 1945 D
1548 1897 1709 1946 minor
1745 1905 1819 1946 est

441 1990 586 2036 quam
633 1981 732 2020 tres
781 1973 1075 2036 quadrantes
1134 1972 1351 2036 ejusdem

442 2049 730 2096 differentiae
779 2057 1122 2096 extremorum.
1210 2048 1352 2096 Simi-

441 2124 554 2171 liter
571 2125 610 2171 si
625 2124 929 2187 intelligatur
938 2124 1212 2172 differentia
1226 2123 1356 2171 inter

442 2200 487 2247 A
534 2207 583 2247 et
628 2200 672 2247 D
722 2200 876 2248 divisa
926 2201 976 2248 in
1035 2208 1134 2247 tres
1191 2207 1356 2263 partes

444 2275 671 2338 aequales,
709 2276 996 2324 ostendetur
1032 2275 1358 2324 differentiam

443 2352 572 2398 inter
598 2352 642 2398 A
667 2358 716 2398 et
741 2351 779 2399 C
803 2352 1041 2400 minorem
1070 2368 1174 2399 esse
1210 2368 1357 2414 quam

445 2427 566 2475 duos
583 2427 877 2490 quadrantes
894 2428 1181 2476 differentiae
1196 2435 1356 2475 extre-

444 2519 636 2550 morum
660 2502 704 2549 A
728 2510 778 2549 et
801 2503 857 2560 E,
894 2510 944 2550 et
969 2503 1194 2565 denique,
1232 2502 1355 2550 divi-

446 2578 605 2625 dendo
649 2577 973 2625 differentiam
1013 2579 1143 2625 inter
1177 2578 1222 2624 A
1259 2585 1309 2625 et
1344 2577 1383 2624 C
1415 2575 1655 2635 bifariam,
1694 2576 1824 2625 inter

444 2653 490 2700 A
514 2661 564 2699 et
587 2652 627 2699 B
651 2652 890 2699 minorem
915 2668 1019 2700 esse
1044 2652 1315 2715 quadrante
1339 2651 1627 2699 differentiae
1663 2662 1823 2699 extre-

445 2744 636 2775 morum
659 2728 704 2775 A
727 2735 777 2776 et
799 2728 855 2775 E.

515 2803 607 2850 His
645 2802 980 2860 consideratis,
1018 2802 1111 2849 erit
1136 2802 1175 2849 Β
1214 2802 1329 2864 (hoc
1354 2808 1445 2860 est,
1481 2801 1542 2860 A,
1578 2815 1679 2851 una
1713 2816 1823 2849 cum

447 2877 541 2925 alio
563 2878 791 2941 quodam,
817 2878 949 2941 quod
964 2878 1123 2926 minus
1138 2885 1212 2926 est
1236 2877 1509 2941 quadrante
1528 2876 1825 2924 differentiae

1431 2004 1565 2474 &leit-2100&

1659 2005 1773 2367 minelum>

1644 2395 1806 2403 ———-

1693 2433 1822 2512 [1
