1936 3262
348 261 447 302 XXiV
725 275 836 304 vlTAE
860 275 1104 305 HOBBIANAE
1128 274 1407 304 AUCTARIUM.

350 385 538 427 innocuis
559 386 852 428 exercitiorum
874 385 1154 442 voluptatibus
1175 383 1415 426 individuus
1436 398 1572 425 comes
1593 388 1796 440 perpetuo

350 474 496 516 adfuit.
564 475 707 524 Quare
742 491 907 518 summa
941 490 1105 517 morum
1141 475 1347 524 comitate,
1384 474 1542 531 ingenii
1576 473 1796 530 elegantia,

353 565 481 606 animi
512 565 746 622 prudentia,
781 577 946 608 tantum
982 565 1060 607 sibi
1095 575 1185 606 tum
1221 564 1348 620 patris
1381 573 1471 605 tum
1506 563 1581 604 filii
1615 562 1798 606 favorem

355 654 601 706 conciliavit,
645 666 690 698 ut
722 656 869 712 juveni
911 654 1092 697 Galliam
1137 652 1385 710 Italiamque
1427 667 1602 710 peregre
1635 653 1801 696 adituro

360 745 510 801 (1610)
543 745 695 802 dignus
716 746 824 787 visus
845 754 907 787 est
926 744 999 801 qui
1020 743 1250 785 inserviret.

417 834 616 876 Versatus
654 845 794 877 autem
833 833 1093 892 aliquamdiu
1133 833 1212 875 illis
1253 833 1296 874 in
1338 833 1578 890 regionibus
1617 832 1804 876 doetissi-

362 939 526 966 morum
574 924 791 967 hominum
831 925 951 981 copia
1004 923 1316 973 florentissimis,
1374 922 1594 965 luculentis
1643 933 1806 966 naturae

363 1015 619 1065 muneribus,
653 1015 899 1057 venerandis
921 1014 1180 1071 antiquitatis
1203 1013 1483 1055 monumentis
1503 1023 1544 1055 et
1565 1014 1654 1070 ipsa
1673 1029 1808 1071 popu-

364 1105 499 1148 lorum
532 1106 671 1148 indole
702 1106 997 1155 celeberrimis,
1032 1105 1206 1146 solidam
1237 1103 1407 1145 demum
1437 1104 1679 1160 sapientiam
1718 1105 1811 1162 (qui

366 1212 488 1238 verus
508 1206 570 1238 est
588 1196 886 1253 peregrinandi
906 1195 1020 1249 finis)
1045 1210 1182 1237 secum
1204 1194 1375 1236 domum
1397 1194 1549 1237 retulit.

429 1288 635 1329 Reversus
665 1288 818 1344 itaque,
841 1302 935 1329 cum
963 1287 1051 1343 jam
1087 1285 1353 1328 Candisianae
1372 1285 1508 1342 gentis
1528 1285 1814 1328 munificentia

371 1387 534 1434 tempus
553 1386 679 1434 atque
699 1377 830 1418 otium
852 1376 930 1432 ipsi
950 1385 1188 1432 suppeteret
1219 1374 1360 1431 priora
1388 1374 1526 1416 studia
1553 1374 1813 1432 respiciendi,

374 1483 525 1525 magno
563 1467 792 1509 literaturae
834 1465 1097 1508 Academicae
1131 1465 1295 1507 fastidio
1329 1465 1435 1507 affici
1470 1466 1621 1522 eoepit3
1671 1474 1817 1522 utpote

374 1572 500 1615 quam
534 1556 724 1599 affectata
758 1556 986 1598 ambitione
1020 1555 1277 1598 efformatam
1311 1570 1359 1597 ac
1392 1555 1520 1597 veluti
1554 1564 1818 1612 personatam

370 1647 599 1703 judicavit3
629 1662 706 1688 nec
727 1646 839 1703 apud
858 1645 1084 1702 prudentes
1105 1645 1208 1687 adeo
1228 1646 1271 1686 in
1294 1645 1426 1702 pretio
1447 1645 1646 1696 habitam,
1668 1661 1744 1688 nec
1764 1646 1820 1688 ad

377 1737 474 1779 vitae
494 1736 623 1778 civilis
644 1752 755 1785 usus,
787 1749 835 1778 ut
865 1737 1000 1794 specie
1034 1751 1121 1793 prae
1153 1752 1196 1778 se
1227 1736 1365 1787 ferret,
1402 1746 1682 1793 comparatam
1703 1736 1818 1778 vidit.

380 1827 479 1869 Non
518 1827 766 1883 placuerunt
805 1827 864 1868 illi
903 1827 1050 1884 logicae
1089 1827 1172 1868 illae
1211 1826 1587 1884 metaphysicaeque
1629 1827 1819 1884 argutiae,

382 1928 581 1974 tanquam
600 1933 747 1974 parum
769 1918 813 1959 in
833 1933 875 1959 se
894 1918 1018 1960 bonae
1037 1918 1168 1974 frugis
1187 1918 1401 1968 habentes,
1422 1928 1464 1960 et
1483 1918 1668 1960 fovendis
1688 1918 1823 1960 solum

382 2009 569 2050 clamosis
604 2009 881 2065 sophistarum
915 2009 1250 2051 contentionibus
1288 2019 1422 2060 natae3
1466 2008 1643 2051 ethicam
1682 2019 1824 2051 autem

383 2110 581 2156 tanquam
595 2098 708 2155 vulgi
724 2099 860 2155 potius
876 2099 1140 2155 opinionibus
1152 2108 1194 2140 et
1210 2099 1466 2155 imaginariae
1485 2098 1649 2140 virtutis
1670 2099 1825 2142 medio—

384 2190 533 2240 critati,
572 2205 695 2246 quam
728 2190 904 2240 veritati,
943 2190 1156 2240 innixam3
1188 2199 1229 2231 et
1249 2189 1474 2246 physicam,
1497 2204 1592 2246 quae
1614 2189 1656 2230 in
1677 2190 1826 2232 scholis

387 2280 572 2330 docetur,
605 2295 785 2337 quaeque
814 2281 900 2323 sola
928 2296 1035 2337 pene
1068 2280 1332 2322 Aristotelica
1363 2289 1436 2330 est,
1474 2290 1674 2337 tanquam
1704 2281 1828 2322 nimis

387 2370 675 2420 umbraticam,
709 2380 751 2412 et
770 2371 907 2427 potius
934 2386 1057 2427 super
1079 2371 1341 2427 ingeniorum
1363 2370 1533 2421 technis,
1556 2386 1683 2427 quam
1703 2385 1829 2428 expe-

389 2462 576 2503 rimentis
604 2470 765 2504 naturae
796 2462 1025 2512 fundatam,
1058 2461 1316 2517 contempsit.
1377 2460 1518 2502 Aliam
1537 2461 1678 2518 itaque
1697 2454 1830 2518 philo'-

390 2551 593 2607 sophandi
637 2552 840 2593 rationem
878 2552 956 2593 sibi
997 2551 1222 2593 ineundam
1260 2560 1386 2601 ratus,
1436 2550 1604 2592 lectioni
1644 2561 1831 2594 veterum

390 2641 743 2698 philosophorum,
776 2649 1006 2698 poetarum,
1038 2641 1342 2691 historicorum,
1374 2650 1462 2682 tum
1493 2656 1517 2683 e
1548 2642 1710 2684 Graecis
1741 2651 1832 2683 tum

393 2731 569 2781 Latinis,
603 2731 824 2788 diligenter
846 2731 1047 2781 incubuit,
1081 2740 1123 2772 et
1157 2746 1210 2772 ex
1239 2746 1384 2772 eorum
1415 2731 1629 2782 thesauris,
1658 2731 1760 2788 quid
1790 2732 1833 2773 in

393 2837 487 2863 suos
519 2836 616 2862 usus
651 2821 815 2872 faceret,
851 2831 1042 2863 accurate
1075 2822 1342 2878 deprompsit.
1404 2822 1502 2864 Non
1535 2832 1687 2872 autem,
1721 2822 1835 2879 quod

394 2911 601 2968 plerisque
622 2911 664 2952 in
685 2926 801 2953 more
821 2912 1001 2968 positum
1021 2921 1094 2962 est,
1117 2921 1190 2954 aut
1210 2921 1395 2954 veterum
1428 2911 1588 2968 placitis
1621 2911 1836 2969 ingenium
