1936 3262
577 272 691 301 vrrAE
713 272 961 302 Romanum:
981 272 1269 302 Atym-Aluum.
1539 257 1643 299 lxxv

108 390 202 451 ι
242 382 381 435 Idem,
401 388 500 428 sect.
516 386 585 426 28.
616 382 838 427 Hobbium
870 383 975 425 nihil
1007 383 1308 434 demonstrare,
1345 382 1419 425 sed
1439 382 1642 440 quiequid

175 468 474 521 demonstrare
486 475 632 533 jactat,
653 474 796 532 inepte
826 484 870 516 et
895 474 1163 532 impudenter
1193 473 1431 531 arripuisse,
1460 489 1644 532 cumque

181 564 347 613 nullam
361 581 451 610 esse
468 566 715 625 religionem
734 565 848 617 velit,
881 565 961 608 nisi
991 581 1088 624 quae
1101 564 1275 622 jusserit
1294 565 1452 616 civitas,
1473 580 1643 608 omnem

67 676 74 686 ,
91 656 118 709 ,ἱ
146 658 162 686 ²
179 656 366 703 malit.

122 746 125 754 ’
243 747 380 800 Idem,
399 757 499 792 sect.
519 751 589 792 29.
619 747 817 791 Hobbius
834 747 977 790 Deum
996 761 1086 789 esse
1099 755 1245 803 aperte
1264 754 1404 803 negat,
1427 761 1525 788 cum
1545 761 1643 788 eum

180 848 267 883 nee
283 847 533 896 corporeum
551 853 630 882 nee
645 839 941 896 incorporeum
961 853 1049 880 esse
1066 837 1340 880 demonstrat.

118 906 119 909 Ἴ
194 972 198 974 ,
244 928 380 981 Idem,
400 938 499 974 sect.
521 933 589 973 30.
622 929 893 988 Philosophia
907 929 1019 972 civili
1038 944 1184 972 omnes
1195 928 1309 987 leges
1321 928 1484 971 divinas
1500 937 1645 985 aperte

85 1011 106 1069 ’ἶ>
173 1019 309 1072 'mollin
330 1021 446 1080 quod
464 1036 560 1064 eum
581 1022 738 1074 fecerit,
773 1037 902 1080 quam
932 1021 1042 1064 male
1073 1020 1326 1063 sententiam
1356 1035 1474 1063 suam
1496 1019 1550 1062 de
1569 1035 1645 1062 na-

185 1119 296 1159 nltae
313 1121 426 1176 statu
444 1113 607 1170 probet,
629 1128 842 1171 quamque
861 1113 1011 1156 obtuse
1030 1111 1142 1154 illius
1162 1111 1420 1168 impietatem
1440 1120 1624 1154 excuset.

82 1178 88 1187 ²
243 1201 379 1254 Idem,
401 1213 502 1248 sect.
523 1207 592 1248 31.
623 1204 696 1247 Ab
722 1204 872 1247 iisdem
890 1203 1109 1261 principiis
1130 1202 1340 1245 contraria
1360 1203 1643 1253 demonstrat3

185 1293 293 1337 nihil
312 1295 413 1338 novi
434 1295 478 1337 in
496 1295 759 1353 philosophia
778 1295 889 1338 civili
909 1294 1064 1345 attulit,
1086 1294 1165 1336 nisi
1198 1293 1314 1351 quod
1333 1294 1509 1351 impium
1530 1294 1583 1336 sit
1602 1302 1646 1336 et

86 1390 113 1413 ’Ὗ
185 1385 432 1430 absurdum.

107 1462 110 1469 ¹
248 1476 318 1520 Sic
336 1477 553 1534 pontificio
573 1476 692 1535 quasi
718 1476 897 1519 fulmine
925 1456 1145 1533 ¹percussus
1175 1476 1389 1518 occumbit
1422 1475 1644 1519 Hobbius:

82 1551 94 1566 '⁵'
185 1568 263 1612 fati
282 1561 424 1612 tamen
443 1569 637 1612 solatium
667 1569 843 1620 invenit,
877 1569 932 1612 ab
959 1568 1107 1611 eadem
1137 1582 1267 1610 manu
1286 1567 1380 1610 haec
1399 1583 1555 1624 passus,
1577 1568 1646 1611 cui

187 1659 437 1726 Aristoteles
451 1659 608 1718 aliique
623 1660 774 1703 veteris
788 1660 1063 1718 philosophiae
1082 1660 1292 1717 principes
1306 1659 1491 1717 indignis
1511 1661 1647 1704 modis

101 1736 113 1763 ’ἧς
154 1742 157 1745 ’
186 1746 402 1810 vapulant,
437 1766 516 1795 neo
545 1751 745 1794 scuticam
779 1751 928 1810 effugit
950 1751 1177 1803 Cartesius‚
1211 1752 1284 1809 qui
1309 1752 1388 1808 ipsi
1412 1753 1471 1808 (p.
1494 1753 1596 1807 347)
1621 1768 1646 1795 e

87 1835 92 1845 ’
140 1902 144 1910 ἢ
185 1842 290 1887 ludo
308 1850 354 1886 et
370 1843 564 1901 pueritiae
583 1843 802 1901 disciplina
837 1844 1001 1886 noviter
1026 1843 1082 1886 ad
1110 1842 1415 1901 philosophiam
1436 1843 1647 1900 profectus

186 1934 368 1979 videtur.

77 2082 83 2090 ,
190 2054 194 2058 -
246 2026 369 2070 Idem
389 2026 571 2078 Author,
607 2026 780 2070 Praefat.
814 2027 870 2069 ad
900 2029 1130 2071 Politeiam
1162 2029 1521 2076 Ecclesiasticam,
1553 2028 1646 2067 8vo.

116 2147 118 2150 >
189 2117 330 2162 Lond.
363 2120 488 2172 1669,
519 2127 563 2160 et
586 2118 710 2168 1670,
743 2117 874 2176 Angl.
905 2117 950 2159 in
981 2116 1204 2160 Hobbium
1239 2116 1414 2173 ejusque
1450 2131 1647 2173 sequaces

187 2209 414 2260 invehitur,
436 2217 640 2266 tanquam
659 2209 795 2250 omnis
816 2207 1042 2265 impietatis
1062 2216 1106 2250 et
1123 2207 1381 2264 flagitiorum
1402 2221 1518 2249 reos:
1549 2206 1648 2250 licet

93 2303 95 2305 ’
134 2321 139 2324 ·
174 2299 358 2345 -interim
391 2299 620 2351 nonnullis,
658 2299 746 2357 ipse
780 2314 906 2356 super
940 2299 1155 2356 principiis
1192 2298 1432 2341 Hobbianis
1464 2297 1649 2355 politeiae

154 2450 159 2457 Ι
187 2403 276 2437 suae
294 2388 572 2435 fimdamenta
591 2391 777 2449 posuisse
796 2390 1003 2434 videatur.

243 2485 311 2530 Jo.
333 2484 542 2529 Wallisius
561 2484 766 2528 nonnulla
782 2493 930 2527 contra
950 2482 1173 2527 Hobbium
1194 2481 1348 2539 scripta
1368 2483 1485 2526 Actis
1500 2484 1649 2526 Philo-

187 2579 368 2636 mlta-is
385 2576 447 2621 Η.
468 2576 753 2635 Oldenburgii
773 2576 964 2619 inseruit.

151 2725 155 2727 ‚
249 2669 555 2721 Robervallius,
578 2669 716 2712 Math.
740 2669 855 2712 Prof.
870 2668 1054 2719 Parisiis,
1069 2677 1112 2710 et
1127 2666 1197 2710 Fr.
1218 2665 1481 2716 Schotenius,
1505 2664 1645 2708 Math.

90 2742 95 2750 i
191 2758 308 2803 Prof.
323 2766 328 2771 '
343 2759 517 2818 Leydae‚
555 2760 718 2818 scriptis
753 2759 953 2817 Epistolis
986 2757 1336 2801 Mathematicam
1370 2755 1645 2800 Hobbianam

186 2850 445 2909 improbasse
464 2850 676 2894 dicuntur.

248 2941 359 2987 Rob.
380 2941 552 3000 quidam
577 2942 800 2995 Pan-sonus,
839 2941 1092 3000 Capellanus
1117 2943 1184 2997 (ut
1198 2940 1367 2994 vocant)
1385 2943 1460 2985 διο.
1480 2939 1524 2981 in
1545 2953 1648 2982 con-
