1936 3262
260 330 377 362 PARS
394 331 458 363 III.

276 376 438 443 *332*
492 404 830 469 quodcunque,
868 416 988 470 puta
1021 425 1109 471 per
1139 409 1260 456 GH.
1331 411 1452 458 Dico
1483 411 1588 458 GH
1626 427 1726 460 non
1758 407 1891 467 essef*

490 209 585 251 288
813 221 882 254 DE
910 222 1248 258 RATIONIBUS
1275 224 1532 259 MOTUUM.

491 330 711 378 rallelum
735 339 899 380 autem
917 334 1063 396 plano
1087 350 1174 397 per
1192 336 1278 382 EF
1293 335 1499 383 ducatur
1519 336 1651 384 aliud
1662 312 1858 400 plan-um
1892 319 1893 324 ¹

488 479 689 542 planum
746 483 1016 545 aequilibrii.
1122 484 1367 532 Quoniam
1423 493 1587 548 partes
1627 486 1726 534 ΑΕ
1745 487 1782 535 F
1797 487 1859 548 D,

488 556 527 602 E
545 556 632 603 BC
648 557 684 603 F
717 558 1035 620 ponderantis
1059 559 1103 606 A
1119 560 1158 606 B
1175 560 1213 607 C
1229 560 1272 606 D
1308 562 1624 623 aequilibratae
1647 569 1776 620 sunt,
1809 570 1860 613 et

489 630 550 677 ad
573 639 764 693 partem
790 635 825 678 A
846 633 884 679 E
906 634 942 679 F
958 634 1000 680 D
1025 634 1231 681 accessit
1252 635 1443 697 pondus
1467 637 1506 683 E
1522 637 1564 684 G
1584 637 1631 684 H
1648 637 1700 695 F,
1731 639 1859 700 parti

489 713 653 753 autem
698 708 736 753 E
754 708 841 754 BC
857 708 893 754 F
937 708 1059 755 nihil
1105 710 1324 768 accessit,
1367 711 1453 758 sed
1498 711 1742 759 sublatum
1785 721 1858 763 est

486 781 678 843 pondus
728 782 826 829 EG
847 783 963 840 HF,
1005 799 1105 830 non
1142 792 1286 831 erunt
1336 786 1443 847 (per
1477 785 1768 848 hypothesin
1797 788 1856 849 ’1)

486 863 650 918 partes
684 856 778 904 AG
794 857 842 903 H
859 857 919 915 D,
963 858 1004 905 G
1020 858 1059 904 B
1077 858 1115 905 C
1131 859 1179 905 H
1223 859 1553 921 aequilibratae.
1634 860 1747 908 Non
1774 870 1860 911 *est
1890 912 1892 914 ,

486 946 603 994 ergo
645 931 687 978 G
703 932 750 978 H
791 932 991 994 planum
1026 933 1298 996 aequilibrii.
1371 935 1543 998 Itaque
1582 936 1679 984 duo
1715 936 1889 999 plana*

485 1006 741 1068 aequilibrii
756 1023 855 1054 non
870 1015 982 1055 sunt
995 1009 1236 1071 parallela.
1260 1009 1407 1058 Quod
1421 1018 1526 1058 erat
1539 1011 1858 1073 probandum.
1935 1072 1936 1076 Ἰ

553 1087 597 1128 3.
648 1082 706 1129 In
749 1083 968 1144 quolibet
1006 1084 1153 1147 plano
1194 1085 1453 1148 aequilibrii
1494 1094 1568 1133 est
1603 1086 1858 1150 aequilibrii

361 1138 415 1220 m}—
485 1164 736 1203 centrum:
773 1174 887 1204 nam
910 1159 950 1205 si
969 1159 1102 1206 aliud
1126 1167 1345 1207 sumatur
1368 1161 1568 1223 planum
1587 1161 1856 1224 aequilibrii,
1935 1195 1936 1198 =

368 1224 429 1287 ⁰112,
483 1248 583 1278 non
631 1232 723 1279 erit
765 1232 886 1280 illud
930 1234 1082 1296 priori
1131 1235 1238 1297 (per
1283 1235 1420 1282 artic.
1457 1235 1509 1296 2)
1559 1236 1855 1298 parallelum,

483 1306 648 1369 itaque
672 1314 935 1371 utrumque
961 1325 1011 1356 se
1046 1310 1232 1357 secabit
1254 1318 1455 1365 mutum
1491 1311 1574 1358 illa
1599 1311 1750 1359 sectio
1785 1319 1862 1360 est

489 1381 596 1444 (per
615 1382 949 1430 definitionem
972 1384 1023 1445 6)
1050 1384 1286 1433 diameter
1305 1385 1562 1448 aequilibrii
1583 1406 1595 1440 ;
1619 1401 1800 1445 rursus,
1818 1387 1857 1435 si

485 1466 704 1504 sumatur
729 1457 824 1505 alia
848 1459 1031 1521 quaevis
1057 1460 1293 1507 diameter
1323 1461 1594 1524 aequilibrii,
1625 1461 1708 1508 illa
1728 1461 1858 1524 prio-

484 1548 589 1579 rem
632 1534 833 1589 secabit,
871 1542 921 1581 et
945 1541 1019 1581 est
1048 1535 1097 1582 in
1132 1535 1214 1582 illa
1243 1536 1474 1593 sectione,
1510 1552 1599 1598 per
1641 1536 1785 1585 defin.
1810 1539 1855 1596 7,
1890 1591 1903 1594 ,Ἴ

483 1615 707 1655 centrum
748 1609 1035 1671 aequilibrii;
1076 1618 1150 1658 est
1188 1627 1304 1674 ergo
1344 1619 1568 1658 centrum
1601 1611 1858 1674 aequilibrii
1890 1618 1898 1622 ”

482 1683 533 1730 in
571 1683 827 1742 diametro,
867 1700 975 1746 quae
1007 1686 1138 1748 jacet
1175 1686 1226 1733 in
1262 1686 1408 1748 plano
1449 1686 1706 1748 aequilibrii
1745 1702 1857 1751 pro·
1887 1715 1889 1717 ·

480 1757 656 1818 posito.

548 1839 593 1880 4.
631 1833 948 1880 Ponderantis
972 1834 1034 1881 ad
1058 1851 1210 1881 unum
1233 1835 1356 1882 radii
1374 1843 1611 1898 punctum
1629 1836 1856 1899 applicati

393 1936 411 1955 n
448 1901 463 1907 “
482 1916 799 1964 momentum,
843 1909 906 1955 ad
946 1917 1246 1957 momentum
1293 1911 1509 1973 ejusdem
1545 1911 1622 1958 vel
1659 1912 1855 1974 aequalis

454 1983 795 2046 'ponderantis
834 1985 1062 2047 applicati
1108 1986 1171 2032 ad
1208 1986 1341 2033 aliud
1380 1986 1582 2048 quodvis
1622 1993 1855 2049 punctum

480 2058 603 2105 radii
628 2059 859 2122 ejusdem,
881 2066 953 2107 est
974 2067 1030 2107 ut
1054 2052 1281 2108 distantia
1296 2061 1422 2108 illius
1439 2061 1611 2124 puncti
1634 2078 1665 2109 a
1686 2069 1853 2110 centro

479 2134 630 2191 librae,
656 2134 719 2181 ad
743 2135 1021 2182 distantiam
1044 2136 1187 2199 hujus
1210 2137 1380 2199 puncti
1403 2154 1433 2184 a
1456 2144 1624 2185 centro
1656 2137 1853 2192 eodem;

481 2209 580 2256 sive
620 2217 675 2256 ut
711 2226 852 2257 arcus
884 2211 1175 2259 circulorum
1211 2228 1355 2275 super
1393 2219 1560 2260 centro
1597 2213 1735 2261 librae
1768 2228 1854 2276 per

480 2292 662 2346 puncta
704 2285 787 2343 illa
831 2286 955 2333 radii
995 2287 1166 2334 eodem
1211 2295 1428 2350 tempore
1474 2287 1850 2351 descriptorum3

482 2360 582 2407 sive
618 2359 826 2422 denique
860 2368 916 2408 ut
945 2361 1086 2408 bases
1119 2363 1363 2424 parallelae
1398 2362 1604 2410 duorum
1637 2363 1852 2426 triangu-

480 2434 654 2493 lorum,
710 2450 917 2497 quorum
974 2437 1178 2499 angulus
1229 2437 1292 2484 ad
1337 2445 1558 2485 centrum
1601 2438 1737 2487 librae
1781 2445 1852 2487 est

482 2510 766 2557 communis.

548 2585 621 2632 Sit
645 2585 774 2632 enim
796 2584 866 2645 (in
889 2585 970 2647 fig.
988 2586 1038 2646 2)
1067 2593 1287 2633 centrum
1306 2587 1440 2635 librae
1465 2588 1524 2644 A,
1548 2588 1711 2636 radius
1735 2589 1779 2636 A
1794 2587 1848 2647 B,

482 2677 621 2723 quem
670 2667 894 2723 premant
937 2661 1260 2723 ponderantia
1300 2663 1343 2709 D
1391 2670 1441 2710 et
1480 2664 1519 2710 E
1560 2664 1762 2726 aequalia
1799 2663 1848 2710 in

480 2736 672 2797 punctis
694 2736 732 2782 B
754 2743 802 2783 et
821 2736 858 2782 C
879 2756 890 2789 ς
927 2743 1072 2784 rectae
1097 2744 1258 2783 autem
1280 2738 1388 2796 BD,
1409 2738 1493 2785 OE
1513 2739 1610 2786 sint
1628 2738 1847 2786 diametri
