1936 3262
765 293 1026 327 EPISTOLA
1055 293 1124 326 DE
1135 292 1445 326 DICATORIA.

407 414 734 477 excogitatam
777 430 879 461 esse
921 413 1077 476 primo
1118 429 1148 459 a
1186 389 1447 470 veteribus,
1484 410 1571 458 sed
1605 418 1656 458 et
1695 411 1850 474 ipsam
1918 394 1927 411 '⁷

406 521 783 577 nascentemque
807 515 867 562 ab
891 514 996 577 ipsa
1018 514 1380 571 astronomiam,
1405 512 1457 560 id
1480 519 1568 570 est,
1598 511 1850 575 physicam

409 615 655 662 coelestem
690 631 719 662 a
753 615 1124 662 succedentibus
1156 613 1458 677 philosophis
1488 612 1750 660 verborum
1782 612 1852 660 la-

411 715 546 778 queis
571 715 926 778 strangulatam
944 731 1062 763 esse.
1121 715 1294 777 Itaque
1311 713 1622 761 astronomiae
1641 713 1852 772 initium,

410 823 589 878 praeter
630 815 899 872 observata,
944 831 1045 862 non
1085 814 1215 861 ultra
1250 813 1558 860 referendum
1594 829 1696 875 esse
1735 820 1854 876 puto

413 931 558 977 quam
588 914 651 961 ad
685 913 944 961 Nicolaum
969 913 1309 976 Copernicum,
1332 912 1514 975 placita
1548 912 1855 976 Pythagorae,

413 1014 700 1088 Aristarchi,
754 1013 958 1061 Philolai
1006 1012 1227 1076 proxime
1269 1011 1516 1075 superiore
1561 1011 1739 1060 saeculo
1785 1027 1859 1058 re-

413 1114 669 1162 ferentem.
758 1114 871 1160 Post
916 1112 1064 1170 hunc,
1110 1112 1277 1174 agnito
1324 1113 1427 1174 jam
1467 1112 1654 1160 telluris
1705 1119 1858 1170 motu,

415 1220 617 1275 ortaque
641 1212 755 1259 inde
781 1212 965 1259 difficili
989 1212 1256 1275 quaestione
1281 1211 1341 1258 de
1365 1211 1600 1259 descensu
1622 1211 1858 1275 gravium,

417 1328 528 1359 cum
567 1311 853 1358 difficultate
885 1311 968 1358 illa
1003 1319 1195 1359 certans
1228 1312 1407 1359 nostris
1432 1311 1732 1375 temporibus
1767 1311 1861 1359 Ga-

415 1413 568 1460 lilaeus
591 1411 776 1474 primus
799 1411 991 1474 aperuit
1012 1411 1153 1458 nobis
1176 1411 1389 1474 physicae
1407 1411 1646 1460 universae
1668 1419 1862 1474 portam

418 1512 640 1575 primam,
662 1520 890 1559 naturam
916 1518 1092 1558 motus.
1162 1511 1300 1558 Adeo
1323 1519 1380 1558 ut
1399 1527 1558 1575 neque
1579 1512 1711 1560 ultra
1732 1512 1863 1560 hunc

421 1612 748 1674 computanda
769 1611 992 1658 videatur
1020 1626 1125 1658 esse
1150 1618 1268 1658 aetas
1298 1611 1527 1674 physicae.
1598 1612 1864 1670 Postremo,

422 1711 677 1760 scientiam
716 1711 916 1758 humani
958 1711 1191 1774 corporis,
1232 1711 1446 1775 physicae
1478 1719 1671 1775 partem
1710 1713 1867 1761 utilis-

422 1811 609 1870 simam,
667 1812 719 1858 in
775 1812 910 1859 libris
963 1812 1061 1859 suis
1107 1811 1168 1859 de
1218 1819 1357 1859 motu
1407 1812 1655 1876 sanguinis
1705 1820 1757 1860 et
1805 1813 1866 1861 de

423 1913 737 1976 generatione
779 1912 1076 1971 animalium,
1123 1913 1332 1960 mirabili
1372 1913 1636 1976 sagacitate
1682 1913 1868 1962 detexit

424 2021 474 2060 et
511 2013 864 2060 demonstravit
895 2013 1160 2060 Gulielmus
1191 2013 1445 2072 Harvaeus,
1482 2014 1674 2076 Regum
1695 2013 1868 2062 Jacobi

426 2113 683 2176 Carolique
728 2091 945 2160 medicus
990 2113 1279 2176 primarius;
1333 2113 1479 2172 solus,
1526 2113 1659 2176 quod
1702 2114 1868 2171 sciam,

426 2211 511 2273 qui
552 2211 827 2259 doctrinam
869 2228 1047 2260 novam
1087 2220 1316 2275 superata
1354 2213 1537 2261 invidia
1574 2213 1740 2261 vivens
1772 2220 1870 2262 sta-

426 2311 598 2358 bilivit.
669 2312 798 2358 Ante
829 2311 918 2358 hos
948 2311 1069 2358 nihil
1100 2312 1221 2359 certi
1249 2312 1300 2359 in
1322 2313 1523 2376 physica
1554 2320 1659 2361 erat
1690 2321 1870 2376 praeter

427 2411 759 2473 experimenta
803 2412 1066 2474 unicuique
1112 2428 1198 2459 sua
1243 2421 1293 2459 et
1336 2412 1563 2460 historias
1606 2414 1869 2472 naturales,

428 2512 467 2558 si
504 2520 670 2558 tamen
710 2519 760 2559 et
800 2512 877 2559 hae
914 2512 1134 2560 dicendae
1176 2519 1321 2560 certae
1358 2515 1470 2571 sint,
1508 2529 1616 2576 quae
1651 2510 1870 2562 civilibus

427 2611 642 2658 historiis
679 2612 908 2659 certiores
944 2629 1045 2659 non
1080 2620 1207 2660 sunt.
1276 2614 1345 2661 At
1379 2621 1489 2676 post
1524 2615 1613 2662 hos
1648 2622 1870 2663 astrono-

428 2710 574 2756 miam
629 2718 677 2757 et
733 2711 982 2774 physicam
1040 2692 1236 2774 quidem
1287 2713 1609 2761 universalem
1658 2715 1871 2762 Joannes

432 2810 683 2872 I(eplerUS‚
732 2811 900 2858 Petrus
958 2812 1245 2870 Gassendus,
1297 2813 1516 2861 Marinus
1565 2815 1869 2874 Mersennus,
