1936 3262
453 247 512 287 56
759 259 1109 293 COMPUTATIO
1138 261 1261 294 SIVE
1289 260 1503 294 LOGICA.

214 370 330 444 PA1}S
354 371 385 401 Ι·
522 367 618 414 Sed
654 384 752 415 non
784 370 979 417 videtur
1018 371 1079 418 ab
1115 371 1210 418 hoc
1250 387 1429 434 genere
1473 370 1823 433 sophismatum

210 436 395 482 *³2⁴
454 449 645 489 tantum
667 443 872 506 periculi
899 460 1018 503 esse,
1038 452 1095 492 ut
1113 445 1317 494 ulterius
1341 462 1399 494 ea
1416 446 1646 509 prosequi
1665 461 1824 510 operae

452 517 666 580 pretium
690 518 767 566 sit.

172 589 350 674 sslgiggnssmi
367 643 406 664 ex
526 597 597 639 12.
634 592 692 640 In
737 593 998 656 aequivocis
1055 601 1215 641 autem
1275 594 1467 642 fallacia
1513 594 1676 657 aliqua
1719 610 1824 643 esse

173 677 431 717 aequivocatione·
452 673 631 729 potest,
650 683 749 714 non
774 675 938 714 tamen
962 667 1012 714 in
1031 668 1090 715 iis
1111 685 1219 731 quae
1237 685 1324 731 per
1342 685 1392 716 se
1411 668 1669 716 manifesta
1687 676 1823 724 sunt;

451 758 611 804 neque
630 742 681 789 in
704 743 1018 805 metaphoris,
1039 759 1153 790 nam
1170 760 1266 791 vox
1289 744 1596 807 metaphora,
1619 745 1824 793 transla-

452 817 637 864 tionem
664 818 874 865 nominis
899 819 960 865 ab
996 834 1095 865 una
1125 834 1178 865 re
1211 818 1274 866 ad
1296 819 1428 866 aliud
1456 819 1562 882 ipsa
1583 818 1822 882 praedicit.

454 892 579 939 Sunt
620 900 783 940 autem
825 893 1088 955 aequivoca,
1135 909 1225 940 nec
1271 910 1329 941 ea
1373 894 1671 956 perobscura
1715 910 1824 958 quae

451 974 617 1014 tamen
635 968 811 1015 fallunt
830 968 1108 1031 aliquando,
1125 976 1182 1016 ut
1200 969 1251 1016 in
1271 969 1364 1016 hac
1381 969 1822 1032 argumentatione,

442 1042 671 1105 pertinet
696 1043 767 1089 ad
778 1042 1151 1107 philosophiam
1166 1043 1400 1107 primam,
1417 1043 1658 1091 tractatio
1674 1044 1824 1108 prin-

451 1117 710 1180 cipiorum,
756 1118 842 1165 sed
877 1118 1094 1182 primum
1137 1120 1343 1165 omnium
1379 1117 1690 1182 principiam
1730 1125 1822 1178 est,

453 1191 581 1238 idem
606 1209 700 1238 non
725 1191 872 1239 simul
899 1209 1023 1249 esse,
1056 1199 1105 1240 et
1137 1210 1231 1239 non
1267 1210 1407 1247 esse;
1434 1193 1663 1257 pertinet
1698 1210 1827 1258 ergo

453 1266 526 1313 ad
540 1266 913 1331 philosophiam
926 1267 1159 1331 primam,
1189 1274 1415 1315 tractare
1435 1284 1499 1315 an
1515 1268 1642 1315 idem
1652 1267 1825 1332 possit

452 1341 600 1388 simul
638 1358 746 1388 esse
786 1349 839 1389 et
873 1358 966 1389 non
1007 1360 1129 1390 esse.
1220 1342 1559 1406 AEquivocatio
1604 1342 1657 1390 in
1703 1359 1824 1391 voce

442 1416 705 1480 principio
734 1417 975 1465 fallaciam
1006 1418 1170 1477 habet,
1206 1435 1319 1466 nam
1352 1418 1494 1466 initio
1528 1418 1825 1482 metaphysi-

453 1507 621 1539 corum
642 1491 727 1538 ubi
756 1492 936 1539 dicitur
960 1494 1305 1541 tractationem
1336 1493 1689 1557 principiorum
1713 1509 1824 1556 per-

450 1566 608 1614 tinere
625 1566 687 1614 ad
703 1566 957 1615 scientiam
973 1568 1196 1631 primam,
1212 1584 1300 1631 per
1310 1568 1576 1632 principia-
1593 1568 1823 1632 intelligit

449 1640 755 1688 Aristotele-s*
779 1659 960 1689 causas
983 1659 1162 1702 rerum,
1199 1651 1248 1691 et
1285 1644 1418 1691 entia
1455 1643 1677 1706 quaedam
1714 1659 1822 1706 quae

449 1723 594 1763 vocat
616 1716 788 1779 prima.
827 1717 924 1764 Sed
945 1718 1030 1764 ubi
1052 1718 1437 1781 propositionem
1460 1718 1592 1765 illam
1614 1718 1822 1781 primam

451 1790 570 1837 dicit
627 1806 731 1838 esse
785 1791 1095 1854 principium,
1156 1793 1387 1856 intelligit
1430 1793 1725 1856 principium
1772 1801 1822 1841 et

451 1882 646 1912 causam
671 1866 981 1929 cognitionis,
1016 1868 1068 1915 id
1092 1876 1181 1924 est,
1205 1869 1466 1916 verborum
1500 1868 1821 1928 intellectum,

450 1956 546 2002 quo
585 1940 626 1987 si
667 1940 775 2003 quis
817 1949 981 1989 careat
1022 1958 1084 1989 ne
1122 1942 1286 1990 doceri
1324 1943 1520 2005 quidem
1558 1943 1822 2007 quidquam

448 2023 628 2077 potest.

214 2107 384 2156 eaptjopes
523 2096 595 2137 13.
634 2090 896 2154 Captiones
925 2100 1088 2139 autem
1121 2093 1464 2155 sophistarum,
1503 2099 1650 2156 atque
1684 2109 1821 2157 scep-

210 2150 398 2234 {sslsssssrtgm
449 2165 675 2224 ticorum,
701 2166 875 2228 quibus
899 2166 1120 2214 deridere
1144 2176 1230 2215 aut
1257 2183 1540 2231 oppugnare
1562 2167 1820 2216 veritatem

213 2236 330 2276 ΜΡΝ
346 2236 380 2267 ³¹¹
450 2241 566 2288 olim
590 2241 720 2289 soliti
744 2249 873 2300 sunt,
896 2242 1071 2289 vitium
1103 2243 1389 2306 plerumque
1423 2243 1686 2299 habebant,
1718 2259 1820 2291 non

214 2279 348 2310 materia

214 2332 310 2395 9112111
450 2316 500 2363 in
537 2317 709 2375 forma,
748 2317 834 2364 sed
871 2317 921 2364 in
953 2318 1159 2364 materia
1198 2318 1495 2381 syllogismi3
1536 2325 1586 2365 et
1627 2318 1817 2381 decepti

213 2375 401 2449 2311‘323211.
450 2393 623 2455 saepius
655 2393 855 2440 fuerunt
886 2409 1032 2455 quam
1061 2393 1386 2456 deceperunt3
1422 2409 1536 2440 nam
1568 2392 1688 2440 illud
1724 2394 1819 2440 Ze-

450 2468 591 2514 nonis
616 2468 805 2515 celebre
834 2475 1175 2530 argumentum
1207 2475 1380 2515 contra
1401 2475 1605 2527 motum,
1640 2468 1818 2516 innite-

449 2544 594 2590 batur
616 2543 731 2590 huic
754 2542 1093 2605 propositioni,
1119 2542 1361 2606 quiequid
1381 2543 1542 2591 dividi
1559 2549 1731 2607 potest
1766 2543 1817 2590 in

439 2624 624 2681 partes
661 2635 855 2665 numero
889 2617 1113 2679 infinita-s·
1152 2624 1227 2664 est
1261 2617 1519 2679 infinitum,
1555 2635 1700 2681 quam
1736 2618 1817 2666 ille

446 2693 618 2754 procul
641 2693 788 2740 dubio
814 2691 1002 2739 censuit
1026 2707 1129 2739 esse
1152 2708 1332 2750 veram,
1368 2700 1533 2740 tamen
1560 2693 1683 2741 falsa
1705 2701 1780 2740 est
1802 2714 1813 2748 ;

447 2783 560 2814 nam
585 2767 735 2814 dividi
768 2782 911 2830 posse
943 2767 992 2813 in
1016 2774 1179 2830 partes
1203 2767 1418 2815 infinitas
1443 2768 1564 2815 nihil
1587 2768 1718 2815 aliud
1741 2775 1816 2814 est

446 2858 591 2904 quam
613 2842 762 2890 dividi
786 2858 928 2905 posse
952 2842 1001 2889 in
1029 2849 1194 2905 partes
1220 2850 1531 2905 quotcunque
1556 2843 1662 2906 quis
1681 2842 1811 2889 velit.

1903 302 1936 364 ae-
