1936 3262
534 282 646 311 VI'I'AE
669 282 911 311 HOBBIANAE
935 282 1212 312 AUCTARIUM.
1477 284 1591 312 XXXV

155 392 269 436 illam
287 392 590 451 philosophiam
619 408 704 436 non
741 393 878 435 minus
908 408 1032 451 quam
1065 392 1251 436 Euclidis
1284 393 1489 436 elementa
1519 395 1592 437 de-

103 474 105 476 ·
155 483 411 527 monstrari?
468 484 607 534 Quam
626 484 806 527 libenter
825 484 886 526 illi
906 494 990 527 tuae
1008 485 1157 542 Ἐποχῇ
1175 493 1218 527 et
1237 484 1424 541 scepticis
1445 486 1592 528 naeniis

154 575 472 618 renunciaturus
491 591 547 627 es,
569 591 666 618 cum
685 576 962 633 dogmaticam
983 575 1225 617 firmissimis
1245 575 1433 618 innixam
1452 576 1593 619 fulcris

154 666 274 709 fateri
293 666 479 724 cogeris!
539 666 656 710 Vale.
719 667 807 709 Ubi
826 682 924 709 vero
946 667 1001 709 D.
1018 667 1229 718 Rivetum,
1251 667 1324 710 ubi
1346 667 1592 725 Hugenium

154 757 386 800 mirabilem
397 757 534 799 virum
554 757 719 808 videris,
740 757 889 800 millies
908 773 977 800 eos
997 772 1090 800 meo
1106 758 1275 800 nomine
1290 758 1442 801 salutes
1453 759 1590 811 velim,

153 862 303 906 meque
332 847 394 890 tui
421 847 565 890 credas
599 863 826 890 memorem
857 857 901 890 et
929 849 1239 905 obsequentem.

825 940 1012 983 Aureliae
1032 955 1118 982 xxv
1139 939 1275 997 April.
1296 941 1592 982 momorum?

211 1031 374 1074 Prodiit
391 1041 532 1074 autem
551 1030 658 1074 liber
677 1034 745 1075 De
767 1034 867 1076 Cive
887 1033 995 1090 typis
1027 1033 1294 1076 Elsevirianis
1324 1048 1435 1075 anno
1470 1035 1592 1084 1647,

150 1137 346 1181 annoque
376 1122 622 1180 insequente
653 1123 755 1165 dicti
789 1123 990 1167 Sorbierii
1017 1140 1145 1182 opera
1174 1124 1336 1167 Gallice
1355 1139 1508 1175 versus,
1540 1140 1594 1167 ex

150 1213 298 1257 eadem
311 1213 476 1257 officina
486 1213 644 1271 prodiit
654 1229 766 1256 anno
782 1217 935 1270 1649,†
952 1215 1180 1258 Cornificio
1199 1215 1422 1267 Ulefeldio,
1439 1231 1592 1274 magno

151 1305 328 1348 Danicae
347 1304 509 1347 militiae
529 1305 741 1362 magistro,
763 1305 936 1357 dicatus,
967 1306 1110 1349 addito
1129 1307 1254 1349 etiam
1274 1307 1518 1365 praeloquio,
1549 1309 1592 1350 in

152 1411 236 1454 quo
255 1405 299 1439 et
315 1395 406 1438 laus
425 1394 610 1437 authoris
630 1404 672 1437 et
691 1395 788 1437 libri
808 1395 989 1452 dignitas
1008 1406 1289 1454 exponuntur.

211 1487 380 1530 Interea
413 1486 668 1529 indefessum
710 1487 952 1545 Philosophi
986 1489 1117 1531 nostri
1158 1489 1390 1531 studiorum
1425 1502 1592 1531 cursum

152 1577 297 1621 infelix
329 1592 446 1620 casus
479 1577 728 1634 interrupit3
782 1593 836 1620 ex
874 1579 1096 1636 improviso
1127 1579 1245 1622 febre
1284 1588 1497 1636 correptus
1531 1587 1593 1620 est

150 1669 398 1720 acutissima,
419 1683 515 1726 quae
535 1668 580 1710 in
600 1677 765 1711 tantum
797 1669 985 1721 invaluit,
1016 1680 1065 1713 ut
1089 1670 1283 1713 remediis
1303 1670 1456 1713 frustra
1474 1669 1593 1712 adhi-

151 1761 248 1804 bitis
279 1769 432 1803 natura
461 1759 598 1802 morbi
629 1760 838 1804 violentiae
873 1762 1183 1814 succumbente,
1221 1772 1456 1805 extremum
1487 1776 1593 1818 pene

150 1852 342 1911 spiritum
366 1861 535 1894 acturus
555 1851 778 1894 videretur.
840 1852 964 1895 Tunc
993 1862 1134 1895 autem
1168 1868 1264 1895 cum
1296 1869 1381 1896 non
1416 1852 1593 1909 amplius

150 1944 347 2002 cuiquam
379 1942 547 1986 relictus
581 1952 643 1986 est
675 1942 819 1986 fucum
852 1942 1030 1986 faciendi
1061 1944 1188 1996 locus,
1224 1960 1273 1987 eo
1304 1954 1516 1987 momento
1550 1958 1594 1985 se

151 2034 344 2093 religioni
370 2034 515 2092 patriis
541 2033 705 2092 legibus
739 2035 934 2078 stabilitae
968 2036 1294 2079 addictissimum
1326 2035 1520 2085 ostendit,
1551 2044 1594 2076 et

151 2126 344 2184 precibus
357 2126 482 2183 juxta
502 2126 701 2170 Ecclesiae
718 2126 966 2184 Anglicanae
982 2127 1086 2170 ritus
1100 2128 1335 2184 praemissis,
1352 2141 1592 2184 supremum

152 2218 350 2261 viaticum
376 2217 544 2275 recepit.
605 2217 888 2260 Nihilominus
917 2228 1070 2275 praeter
1098 2218 1286 2261 omnium
1314 2232 1429 2275 spem
1459 2218 1593 2260 fausto

153 2311 326 2354 numine
344 2310 566 2354 convaluit.

212 2401 392 2445 Ineunte
406 2417 519 2444 anno
542 2404 652 2444 1650
674 2400 910 2444 Gulielmus
926 2400 1227 2451 Davenantius‚
1251 2399 1393 2457 Eques
1408 2407 1590 2450 auratus,

158 2494 289 2537 Poeta
327 2493 573 2544 Laureatus,
613 2491 814 2550 poematis
852 2491 1008 2534 heroici
1046 2493 1391 2535 Gondibertiadis
1423 2490 1592 2532 nomine

154 2583 339 2641 insigniti
352 2598 464 2626 anno
475 2583 666 2641 proximo
679 2582 864 2625 Londini
877 2582 1097 2640 prodituri,
1114 2581 1402 2639 praefationem
1425 2581 1592 2624 Parisiis

153 2675 311 2727 edidit3
331 2675 375 2717 in
390 2690 475 2733 qua
493 2674 547 2717 de
565 2690 749 2732 poeseos,
770 2671 948 2717 heroicae
967 2673 1212 2731 praesertim,
1235 2681 1385 2715 natura
1404 2673 1591 2731 ingenio*

153 2767 311 2809 sissime
343 2765 548 2816 disseruit,
582 2774 625 2808 et
659 2774 793 2808 totum
827 2781 931 2823 opus
964 2763 1181 2807 Hobbiani
1222 2763 1370 2820 judicii
1404 2778 1590 2807 censurae

366 2899 385 2937 †
400 2897 480 2930 Vide
497 2898 622 2931 Lettres
636 2902 667 2930 et
682 2898 837 2930 Discours
854 2898 893 2932 de
909 2897 1066 2937 Sex-hiere,
1089 2907 1108 2929 a
1122 2907 1155 2938 p.
1172 2897 1234 2928 212
1249 2896 1288 2928 ad
1304 2896 1376 2927 232.

1398 3008 1475 3049 de
