1936 3262
220 379 333 453 PARS
349 379 397 411 ΙΙ.

447 258 536 302 148
826 273 1197 307 PHILOSOPHIA
1223 275 1414 309 PR1MA.

442 387 516 426 est
531 395 646 443 ergo
666 382 791 430 ratio
812 384 1081 446 composita
1102 385 1209 447 (per
1223 387 1359 434 artic.
1388 387 1484 448 15,)
1510 387 1636 434 ratio
1653 402 1814 450 aequa-

220 469 383 491 »ψ
433 454 618 511 litatis;
663 474 811 520 quare
851 460 976 507 ratio
1015 460 1059 507 A
1095 461 1145 508 in
1179 462 1222 508 D
1263 462 1326 509 ad
1365 462 1404 509 B
1442 462 1493 510 in
1518 462 1556 510 C
1585 469 1659 510 est
1681 462 1812 510 ratio

174 516 300 547 Rationi
304 527 407 547 sssss

173 561 273 590 tinuae
285 560 424 591 definitio

173 603 426 644 etproprietates.

442 532 761 594 aequalitatis:
800 544 913 582 sunt
938 551 1053 598 ergo
1082 537 1300 599 aequalia.

508 614 586 655 22.
625 609 675 655 Si
722 609 820 657 sint
866 618 1074 673 quatuor
1120 612 1434 674 quantitates,
1482 612 1642 676 sitque
1688 611 1814 660 ratio

441 683 610 745 primae
634 684 697 731 ad
721 685 984 732 secundam
1003 686 1248 748 duplicata
1270 687 1489 747 rationis,
1507 703 1654 751 quam
1667 686 1817 735 habet

443 758 591 806 tertia
626 759 689 806 ad
735 768 974 823 quartam,
1019 761 1113 808 erit
1149 761 1335 809 factum
1372 763 1432 810 ab
1476 762 1709 810 extremis
1753 761 1816 810 ad

443 833 628 881 factum
646 851 706 882 ex
728 835 900 883 mediis
923 843 980 882 ut
1004 837 1151 883 tertia
1169 837 1232 884 ad
1255 845 1493 900 quartam.

511 909 621 957 Sint
673 910 801 957 enim
853 919 1062 973 quatuor
1117 912 1416 974 quantitates
1455 913 1515 960 A.
1560 913 1615 960 B.
1661 912 1714 960 C.
1751 912 1814 960 D.

446 984 615 1047 Sitque
652 985 778 1032 ratio
815 985 860 1032 A
893 986 955 1033 ad
993 987 1032 1033 B
1059 986 1306 1050 duplicata
1341 988 1546 1036 rationis
1577 988 1616 1036 C
1645 988 1709 1036 ad
1738 987 1814 1042 D;

445 1059 553 1107 dico
583 1060 702 1117 AD,
740 1060 792 1107 id
828 1069 902 1108 est
937 1061 1122 1109 factum
1158 1078 1217 1109 ex
1240 1062 1284 1109 A
1307 1062 1359 1110 in
1383 1063 1443 1121 D,
1477 1079 1581 1111 esse
1605 1063 1669 1111 ad
1692 1063 1732 1110 B
1760 1062 1815 1121 C,

445 1150 530 1181 seu
552 1134 738 1182 factum
761 1151 821 1182 ex
844 1136 1031 1194 mediis,
1051 1145 1108 1184 ut
1134 1137 1172 1184 C
1197 1136 1260 1184 ad
1282 1137 1343 1184 D.

512 1209 757 1258 Quoniam
806 1211 935 1258 enim
981 1211 1106 1259 ratio
1152 1212 1197 1258 A
1243 1212 1307 1259 ad.
1354 1212 1393 1259 B
1452 1212 1698 1276 duplicata
1743 1219 1818 1260 est

444 1285 648 1332 rationis
668 1285 706 1332 C
724 1285 787 1333 ad
809 1286 869 1344 D,
891 1286 932 1333 si
950 1287 1036 1334 fiat
1058 1294 1115 1334 ut
1140 1287 1178 1334 C
1202 1287 1265 1334 ad
1284 1287 1327 1334 D
1351 1287 1422 1335 ita
1444 1287 1488 1334 D
1513 1287 1576 1335 ad
1589 1287 1736 1346 aliud,
1761 1288 1817 1345 Ε,

446 1367 589 1408 erunt
603 1360 662 1407 A.
689 1361 729 1407 Β
756 1379 795 1407 :z
823 1361 876 1408 C.
901 1362 940 1408 E
964 1362 1349 1424 proportionalia
1365 1384 1376 1418 ;
1394 1378 1517 1417 >nam
1539 1363 1665 1410 ratio
1689 1363 1734 1410 A
1757 1362 1820 1410 ad

446 1435 486 1482 B
511 1443 584 1483 est
626 1436 733 1499 (per
756 1436 1070 1499 hypothesin)
1103 1437 1350 1500 duplicata
1381 1438 1586 1486 rationis
1611 1438 1649 1485 C
1669 1437 1733 1486 ad
1757 1438 1817 1496 D,

446 1518 495 1558 et
533 1511 572 1558 C
609 1511 671 1559 ad
704 1512 743 1558 E
782 1512 1030 1575 duplicata
1074 1520 1149 1560 est
1186 1513 1403 1576 ejusdem
1449 1514 1487 1561 C
1528 1513 1592 1561 ad
1629 1514 1690 1573 D,
1732 1529 1821 1576 per

446 1586 780 1634 definitionem
808 1587 966 1649 (artic.
998 1588 1096 1650 16),
1123 1605 1272 1651 quare
1300 1588 1407 1652 (per
1435 1589 1816 1652 praecedentem)

445 1662 490 1708 A
513 1663 553 1709 E
578 1662 678 1710 sive
710 1663 755 1709 A
779 1663 830 1710 in
854 1664 909 1722 Ε,
935 1664 1120 1727 aequale
1153 1672 1227 1712 est
1256 1665 1295 1711 B
1320 1665 1359 1711 C
1391 1665 1491 1712 sive
1517 1665 1557 1711 B
1580 1664 1631 1712 in
1657 1664 1710 1723 C,
1736 1663 1823 1712 sed

445 1736 548 1784 AD
573 1745 647 1785 est
670 1738 734 1785 ad
755 1738 800 1785 A
815 1739 854 1785 E
884 1738 991 1801 (per
1015 1739 1180 1786 coroll.
1207 1745 1253 1798 4,
1287 1739 1425 1786 artic.
1456 1739 1508 1801 6)
1535 1747 1592 1786 ut
1614 1739 1658 1786 D
1677 1739 1741 1786 ad
1763 1739 1819 1797 E,

446 1813 546 1860 sive
568 1820 625 1860 ut
649 1813 687 1860 C
711 1813 773 1861 ad
793 1814 852 1872 D,
879 1822 952 1862 est
983 1830 1099 1877 ergo
1124 1815 1169 1861 A
1188 1815 1231 1861 D
1256 1815 1320 1862 ad
1343 1815 1382 1861 B
1404 1814 1442 1861 C
1481 1814 1635 1878 (quod
1658 1822 1822 1862 osten-

448 1902 554 1934 sum
586 1895 659 1935 est
696 1888 789 1951 ipsi
820 1889 864 1935 A
888 1889 927 1936 E
961 1889 1166 1951 aequale)
1207 1896 1264 1936 ut
1298 1889 1336 1936 C
1363 1889 1426 1937 ad
1453 1889 1527 1945 D;
1563 1891 1693 1952 quod
1717 1896 1823 1937 erat

444 1963 766 2026 probandum.

514 2039 664 2087 Porro
689 2040 730 2087 si
752 2039 878 2086 ratio
902 2039 1071 2102 primae
1095 2039 1140 2086 A
1158 2038 1220 2086 ad
1238 2039 1502 2086 secundam
1520 2040 1559 2086 B
1575 2038 1821 2103 triplicata

448 2115 511 2162 sit
546 2115 750 2163 rationis
784 2131 929 2178 quam
963 2115 1112 2162 habet
1146 2115 1293 2162 tertia
1330 2115 1368 2162 C
1402 2115 1465 2163 ad
1505 2123 1730 2178 quartam
1760 2115 1820 2173 D,

448 2190 542 2237 erit
577 2191 762 2238 factum
797 2191 857 2238 ab
893 2190 1122 2238 extremis
1157 2190 1221 2237 ad
1251 2190 1436 2239 factum
1473 2206 1530 2238 ex
1565 2190 1737 2238 mediis
1770 2190 1822 2238 in

448 2266 695 2329 duplicata
717 2266 908 2314 ratione
940 2267 1099 2314 tertiae
1133 2266 1195 2314 ad
1223 2274 1478 2330 quartam;
1514 2283 1629 2314 nam
1661 2266 1702 2314 si
1734 2267 1822 2313 fiat

446 2349 503 2389 ut
528 2342 566 2389 C
581 2343 644 2389 ad
657 2343 717 2398 D,
741 2343 812 2389 ita
834 2342 878 2389 D
894 2342 958 2389 ad
971 2343 1027 2400 E,
1050 2349 1099 2389 et
1114 2358 1281 2389 rursus
1304 2350 1361 2389 ut
1385 2342 1428 2389 D
1449 2341 1512 2389 ad
1525 2342 1580 2400 E,
1605 2341 1677 2389 ita
1694 2342 1734 2388 E
1759 2341 1822 2389 ad

447 2419 498 2477 F,
526 2419 619 2466 erit
642 2418 767 2466 ratio
805 2418 843 2465 C
877 2418 940 2465 ad
974 2418 1011 2464 F
1041 2417 1288 2479 triplicata
1322 2417 1526 2465 rationis
1547 2417 1585 2464 C
1608 2417 1672 2464 ad
1685 2417 1745 2475 D,
1771 2424 1822 2464 et

445 2494 651 2557 proinde
680 2494 740 2541 A.
767 2494 807 2540 Β
837 2512 846 2539 :
875 2512 885 2540 :
913 2493 964 2540 C.
991 2493 1028 2539 F
1061 2501 1204 2540 erunt
1227 2493 1627 2556 proportionalia,
1648 2500 1698 2540 et
1720 2492 1765 2539 A
1784 2492 1822 2538 F

446 2570 539 2617 erit
562 2570 746 2632 aequale
772 2569 811 2616 Β
832 2569 898 2623 Ος
937 2568 1022 2615 sed
1049 2576 1105 2615 ut
1140 2568 1185 2614 A
1204 2568 1247 2615 D
1275 2568 1337 2615 ad
1364 2569 1409 2615 A
1428 2569 1465 2615 F
1498 2568 1570 2616 ita
1603 2569 1646 2615 D
1671 2568 1735 2615 ad
1768 2568 1820 2624 F,

445 2661 594 2707 quare
619 2645 766 2692 etiam
795 2652 851 2692 ut
885 2644 930 2690 A
948 2644 992 2690 D
1022 2643 1082 2690 ad
1115 2644 1153 2690 B
1174 2644 1226 2702 C,
1262 2644 1333 2691 ita
1366 2644 1410 2691 D
1444 2643 1505 2692 ad
1536 2644 1588 2702 F,
1623 2644 1717 2691 hoc
1746 2651 1820 2691 est

442 2721 513 2767 ita
539 2721 576 2768 C
596 2721 742 2775 adE3
787 2720 871 2767 sed
896 2719 1021 2766 ratio
1044 2719 1081 2765 C
1105 2718 1166 2766 ad
1185 2719 1224 2765 E
1250 2727 1324 2765 est
1349 2718 1595 2781 duplicata
1616 2718 1820 2766 rationis

443 2795 481 2842 C
501 2796 563 2843 ad
577 2797 637 2853 D,
657 2811 806 2859 quare
831 2795 978 2842 etiam
994 2794 1119 2841 ratio
1135 2794 1180 2840 A
1203 2794 1247 2840 D
1268 2794 1331 2841 ad
1355 2794 1394 2840 B
1415 2793 1453 2840 C
1477 2801 1551 2841 est
1574 2793 1820 2857 duplicata

441 2871 646 2919 rationis
673 2871 711 2919 C
734 2871 798 2919 ad
820 2871 881 2930 D,
909 2870 1038 2933 quod
1065 2877 1169 2917 erat
1187 2869 1508 2933 propositum.
