1936 3262
859 495 897 518 m

554 607 791 637 LIBELLUM
814 609 1176 640 PRAESTANTISSIM
1183 613 1196 640 1

465 737 839 793 THOMAE
897 740 1306 808 HOBBES,

585 897 691 929 VIRI
714 897 844 930 VERE
867 898 929 931 PH
934 899 1165 941 ILOSOPHI,

516 1021 602 1065 DE
634 1022 903 1066 NATURA
935 1024 1228 1070 HOMINIS.

739 1189 1003 1196 ————

739 1197 1003 1204 ———.-

460 1330 566 1374 QUAE
584 1343 725 1382 magna
742 1332 831 1371 coeli
850 1334 1002 1379 moenia,
1022 1340 1062 1372 et
1079 1339 1224 1374 tractus
1243 1337 1370 1383 maris,

355 1401 564 1452 Terraeque
581 1401 689 1445 fines,
708 1402 836 1452 siquid
854 1407 922 1440 aut
939 1403 1041 1442 ultra
1058 1410 1127 1450 est,
1148 1406 1262 1456 capit,

351 1470 468 1510 Mens
484 1472 568 1522 ipsa
585 1471 740 1509 tandem
759 1473 931 1522 capitun:
961 1475 1090 1512 omnia
1108 1475 1292 1515 hactenus

352 1542 451 1585 Quae
469 1554 580 1580 nosse
598 1542 736 1593 potuit,
755 1548 847 1581 nota
859 1542 942 1594 jam
959 1545 1128 1594 primum
1147 1551 1205 1584 est
1223 1547 1309 1585 sibi.

458 1612 625 1658 Accede,
644 1611 798 1658 Lector,
818 1613 921 1652 disce
941 1615 1027 1665 quis
1044 1614 1200 1653 demum
1218 1617 1313 1663 sies;

351 1681 404 1720 Et
420 1682 647 1733 inquilinam
671 1683 814 1734 jecoris
834 1697 1021 1735 agnoscas
1040 1687 1106 1731 tui,

297 1804 299 1806 q
349 1751 438 1795 Qua
454 1753 612 1803 propius
630 1753 751 1792 haeret
768 1754 821 1791 nil
839 1755 923 1801 tibi,
937 1760 977 1793 et
995 1756 1047 1793 nil
1067 1761 1146 1794 tam
1163 1759 1310 1807 procul.

421 1845 423 1847 -
454 1821 545 1860 Non
564 1823 628 1861 hic
646 1823 863 1861 scholarum
882 1824 1030 1871 frivola,
1049 1831 1118 1864 aut
1135 1829 1231 1866 cassi
1247 1829 1338 1880 logi,

349 1891 492 1935 Quales
509 1905 579 1943 per
596 1906 716 1931 annos
734 1893 834 1932 forte
852 1894 937 1945 plus
955 1901 1102 1946 septem
1119 1897 1224 1948 legit,

349 1961 407 2002 Ut
424 1960 515 2000 folle
532 1962 647 2013 pleno
660 1964 832 2014 prodeat,
851 1965 946 2003 rixae
965 1966 1125 2012 artifex;

348 2031 555 2084 vanasque
575 2045 722 2072 merces
740 2034 841 2072 futili
858 2034 991 2086 lingua
1008 2041 1159 2086 crepet:

348 2101 426 2142 Sed
443 2108 576 2141 sancta
594 2115 723 2141 rerum
740 2104 923 2154 pondera,
942 2110 981 2143 et
998 2118 1130 2144 sensus
1147 2119 1293 2158 graves,

346 2172 490 2215 Quales
506 2174 633 2223 parari
652 2173 793 2220 decuit,
813 2175 895 2224 ipsa
913 2188 1003 2213 cum
1021 2175 1095 2214 fuit

346 2242 547 2294 Pingenda
564 2244 676 2288 ratio,
695 2249 734 2282 et
752 2245 895 2283 vindici
914 2258 984 2284 suo
1002 2245 1159 2284 adstitit.

451 2312 680 2352 Panduntur
698 2327 830 2352 omnes
843 2315 1031 2354 machinae
1049 2317 1135 2367 gyri
1152 2322 1242 2363 tuae,

345 2382 579 2434 Animaeque
596 2388 735 2430 vectae,
755 2384 949 2431 trochleae,
968 2386 1092 2431 cunei,
1111 2392 1218 2433 rotae,

345 2452 435 2496 Qua
452 2454 668 2492 concitetur
685 2459 779 2500 arte,
798 2467 878 2505 quo
895 2454 1111 2494 sufflamine

345 2520 511 2560 Sistatur
528 2522 593 2561 illa
611 2536 753 2570 rursus,
773 2529 812 2562 et
830 2529 979 2562 constet
995 2525 1090 2563 sibi:

344 2590 430 2630 Nec
447 2592 480 2630 si
498 2591 704 2631 fenestram
721 2595 869 2644 pectori
887 2595 1055 2633 humano
1073 2608 1181 2633 suam

344 2660 528 2711 Aptasset
544 2662 626 2713 ipse
646 2662 816 2708 Momus‚
835 2664 1039 2714 inspiceret
1056 2666 1190 2716 magis.

343 2729 424 2770 Hic
442 2743 558 2770 cerno
575 2732 675 2771 levia
692 2733 900 2772 affectuum
918 2735 1090 2786 vestigia,

343 2798 594 2852 Gracilesque
611 2815 743 2841 sensus
759 2803 902 2848 lineas;
929 2803 1040 2841 video
1059 2805 1199 2855 quibus

344 2869 542 2910 Vehantur
559 2873 628 2911 alis
645 2873 816 2912 blanduli
835 2875 1045 2926 cupidines,
