1910 3256
428 264 523 307 430
989 279 1241 313 PHYsch.

183 383 370 460 Pugglv·
424 383 622 443 ferrum,
647 386 774 434 sicut
796 403 995 450 magnes
1019 404 1170 451 agens
1194 390 1244 436 in
1278 389 1478 448 ferrum,
1503 399 1731 438 conatum
1759 392 1805 439 ei

182 474 370 497 *af-r
423 459 658 522 imprimit
697 462 760 509 ad
798 478 951 510 unum
989 464 1231 526 polorum,
1272 472 1390 527 puta
1432 465 1692 524 borealem,
1733 467 1804 515 ita
1876 468 1878 470 ’

187 518 364 594 Ξξῐξξζη
424 534 635 594 vicissim
673 536 859 584 ferrum
894 554 1044 601 agens
1084 539 1136 586 in
1176 549 1454 603 magnetem
1489 541 1723 603 imprimit
1754 542 1800 590 ei

186 606 386 673 magne‘stae·
425 618 655 658 conatum
679 612 741 659 ad
763 613 985 671 alterum,
1010 614 1062 661 id
1080 622 1169 671 est,
1189 616 1463 663 australem.
1534 616 1800 680 Continget

425 701 540 748 ergo
581 686 632 734 in
676 687 1156 751 reciprocationibus‚
1204 690 1303 737 sive
1348 691 1398 738 in
1444 691 1516 737 itu
1551 699 1602 738 et
1640 691 1799 740 reditu

423 762 769 823 particularum
799 764 973 826 lapidis
1009 772 1058 811 et
1090 765 1207 812 ferri
1244 765 1372 813 inter
1394 766 1595 813 boream
1618 774 1668 813 et
1690 782 1800 814 aus-

422 844 568 895 trum,
592 846 649 885 ut
668 838 780 886 dum
805 839 857 886 in
874 840 1028 887 altero
1047 840 1146 887 itur
1164 857 1194 887 a
1210 841 1360 888 borea
1382 857 1549 888 versus
1581 847 1799 888 austrum

421 919 470 959 et
492 913 678 961 reditur
701 915 760 961 ab
785 923 949 962 austro
980 915 1043 963 ad
1063 916 1276 974 boream,
1308 917 1395 963 fiet
1429 916 1480 963 in
1511 916 1665 964 altero
1701 916 1799 964 itus

420 988 480 1034 ab
510 996 677 1037 austro
708 990 772 1037 ad
804 991 1017 1050 boream,
1060 999 1110 1038 et
1149 991 1335 1039 reditus
1376 1007 1405 1038 a
1442 992 1592 1039 borea
1629 1007 1797 1039 versus

419 1071 654 1131 austrum.
721 1065 873 1127 Atqui
897 1082 956 1112 ex
978 1066 1054 1113 his
1078 1067 1289 1113 motibus
1314 1067 1442 1113 inter
1465 1082 1515 1113 se
1541 1066 1796 1114 contrariis
1832 1069 1838 1075 '

419 1145 469 1184 et
502 1139 603 1185 aeri
637 1140 1024 1196 communicatis,
1059 1142 1115 1188 fit
1149 1149 1205 1188 ut
1238 1142 1377 1204 polus
1416 1141 1533 1188 ferri
1571 1141 1793 1200 borealis,

417 1212 607 1260 interea
629 1213 743 1262 dum
767 1215 824 1261 fit
858 1216 1102 1274 attractio,
1139 1216 1438 1279 deprimatur
1460 1233 1628 1264 versus
1660 1233 1795 1280 mag-

416 1288 543 1335 netis
565 1289 733 1351 polum
756 1290 1049 1345 australem;
1085 1299 1172 1338 aut
1197 1299 1370 1339 contra
1402 1298 1458 1338 ut
1491 1291 1631 1354 polus
1663 1307 1796 1356 mag-

415 1364 543 1411 netis
567 1363 774 1412 borealis
793 1365 1091 1428 deprimatur
1108 1366 1172 1413 ad
1186 1367 1353 1430 polum
1366 1367 1482 1414 ferri
1501 1367 1762 1414 australem
1778 1387 1791 1423 ;

414 1446 566 1502 utque
589 1441 859 1503 utriusque,
883 1448 984 1488 tam
1007 1442 1182 1504 lapidis
1214 1442 1323 1490 dico
1360 1459 1504 1505 quam
1536 1442 1654 1489 ferri
1688 1442 1792 1490 axis

415 1514 467 1561 in
507 1515 676 1562 eadem
716 1523 852 1563 reeta
892 1516 1188 1572 collocetur;
1224 1517 1276 1565 id
1316 1518 1475 1581 ipsum
1516 1517 1647 1580 quod
1684 1518 1790 1565 fieri

417 1590 597 1638 docent
620 1592 964 1654 experimenta.

483 1666 630 1714 Quod
659 1674 821 1714 autem
851 1668 1006 1715 virtus
1041 1669 1317 1731 magnetica
1352 1674 1650 1731 propagetur
1688 1684 1789 1715 non

414 1741 559 1788 modo
583 1758 671 1804 per
693 1758 870 1801 aerem,
903 1743 990 1790 sed
1021 1744 1168 1790 etiam
1200 1759 1288 1806 per
1323 1759 1528 1806 corpora
1561 1743 1790 1806 quaelibet

414 1816 671 1877 durissima
698 1817 976 1865 mirandum
1009 1834 1110 1865 non
1146 1825 1248 1872 est3
1286 1834 1397 1865 cum
1430 1818 1591 1864 nullus
1625 1825 1787 1864 motus

412 1899 514 1940 tam
538 1892 710 1940 debilis
736 1909 837 1941 esse
860 1894 1028 1956 possit,
1067 1893 1185 1956 quin
1218 1909 1305 1956 per
1339 1893 1548 1955 spatium
1583 1907 1786 1955 corpore

413 1969 723 2031 quantumvis
748 1968 869 2016 duro
903 1968 1101 2030 plenum
1123 1976 1420 2031 propagetur
1451 1968 1502 2014 in
1525 1967 1783 2014 infinitum.

413 2044 470 2090 In
494 2043 655 2090 medio
679 2043 810 2091 enim
832 2043 976 2106 pleno
1000 2052 1163 2091 motus
1188 2043 1395 2090 existere
1419 2043 1580 2090 nullus
1603 2049 1784 2105 potest,

412 2119 529 2181 quin
548 2118 689 2166 cedat
701 2135 813 2181 pars
831 2119 978 2166 medii
995 2119 1231 2182 proxima,
1256 2126 1305 2166 et
1324 2118 1550 2186 deinceps
1565 2117 1786 2181 proxima

410 2194 513 2241 sine
535 2195 664 2249 fine;
700 2194 821 2241 adeo
855 2201 910 2241 ut
932 2194 995 2241 ad
1030 2209 1368 2257 quemcunque
1405 2194 1631 2240 effectum
1668 2208 1784 2240 con-

409 2270 568 2317 ferant
590 2270 861 2317 necessario
895 2269 1079 2332 aliquid
1112 2270 1259 2317 etiam
1288 2269 1587 2332 singularum
1620 2283 1783 2315 rerum

409 2352 566 2392 motus
591 2344 782 2407 singuli.
1338 2334 1340 2338 ¹

474 2414 639 2483 Atque
676 2420 735 2467 de
775 2427 951 2467 natura
990 2420 1207 2482 corporis
1246 2419 1297 2466 in
1337 2434 1514 2482 genere
1544 2418 1782 2466 hactenus

409 2496 594 2543 dictum
618 2495 712 2542 sit:
750 2511 859 2557 quae
894 2495 1244 2542 elementorum
1277 2493 1596 2557 philosophiae
1631 2492 1780 2540 sectio

406 2571 564 2634 prima
587 2577 675 2618 est.
744 2571 802 2617 In
837 2571 973 2632 cujus
1005 2570 1227 2632 partibus
1260 2569 1431 2631 prima,
1468 2568 1694 2627 secunda,
1730 2575 1781 2615 et

407 2646 568 2704 tertia,
596 2645 681 2693 ubi
714 2645 953 2708 principia
986 2644 1307 2692 ratiocinandi
1337 2646 1609 2692 consistunt
1630 2643 1682 2690 in
1705 2643 1779 2690 in-

405 2721 604 2769 tellectu
642 2727 826 2778 nostro,
866 2720 918 2767 id
957 2727 1043 2777 est,
1086 2720 1137 2766 in
1178 2719 1522 2767 vocabulorum
1561 2718 1778 2781 legitimo

404 2812 511 2854 usu,
537 2812 681 2859 quem
702 2795 796 2858 ipsi
818 2795 1038 2853 facimus,
1055 2795 1355 2843 theoremata
1378 2795 1429 2842 ni
1451 2794 1591 2842 fallor
1617 2793 1779 2841 omnia

404 2872 618 2934 legitime
642 2871 972 2918 demonstrata
994 2879 1121 2918 sunt.
1193 2871 1306 2917 Pars
1330 2877 1504 2932 quarta
1535 2868 1777 2931 dependet
