1936 3262
426 250 488 291 ‘22
741 257 1093 291 COMPUTATIO
1122 258 1245 292 SIVE
1273 258 1489 292 LOGICA.

200 394 315 426 PARS
339 393 368 426 1.
429 376 583 435 homo,
624 376 779 439 magis
815 376 974 424 adhuc
1011 378 1336 441 compositum
1371 386 1461 426 est.
1530 377 1695 441 Atque
1733 378 1805 428 sic
1886 420 1887 423 ,

198 441 374 508 t-ssfd
429 451 648 500 videmus
703 451 1108 514 compositionem
1167 462 1493 516 conceptuum
1537 453 1589 501 in
1641 453 1805 502 animo

427 527 723 590 respondere
770 527 1114 590 compositioni
1156 529 1442 584 nominum3
1500 544 1615 576 nam
1653 535 1712 576 ut
1754 528 1807 577 in

429 602 591 650 animo
615 617 714 649 una
738 601 848 648 idea
877 601 978 648 sive
1011 602 1302 665 phantasma
1329 603 1471 651 alteri
1509 603 1806 667 supervenit,
1868 602 1890 672 '³⁴'
1912 600 1919 614 “

430 685 480 725 et
524 677 639 724 huic
685 677 833 735 aliud,
871 677 942 724 ita
972 678 1160 726 nomini
1200 679 1287 726 uni
1328 679 1461 726 aliud
1497 685 1644 742 atque
1675 678 1808 727 aliud
1907 670 1917 692 ²

431 752 789 815 superadditur,
849 759 898 799 et
942 753 1000 799 fit
1046 769 1106 800 ex
1151 754 1375 802 omnibus
1430 770 1584 802 unum
1627 769 1808 802 nomen
1869 775 1879 790 τ
1894 750 1914 818 ³⁷⁷

431 827 772 890 compositum.
844 827 1126 875 Cavendum
1162 836 1328 876 tamen
1369 836 1443 876 est
1481 844 1544 876 ne
1579 835 1808 892 putemus

432 902 606 950 eodem
628 902 775 949 modo
801 902 1029 964 componi
1052 903 1159 966 ipsa
1182 919 1389 966 corpora
1412 910 1553 951 extra
1575 903 1809 960 animum,
1880 924 1890 939 ν
1918 959 1919 963 ³

432 978 679 1036 nimirum,
718 993 823 1025 esse
847 977 898 1023 in
922 994 1087 1024 rerum
1120 986 1298 1026 natura
1332 995 1509 1042 corpus
1547 979 1648 1026 sive
1684 978 1811 1026 exis-
1872 979 1921 1047 32³

433 1061 543 1100 tens
577 1053 762 1115 aliquid
793 1053 1120 1115 imaginabile,
1154 1054 1286 1116 quod
1307 1054 1465 1117 primo
1500 1054 1685 1101 nullam
1708 1069 1812 1101 om·

432 1129 550 1176 nino
574 1128 755 1175 habeat
776 1128 1181 1190 magnitudinem,
1217 1129 1393 1176 deinde
1427 1129 1596 1177 addita
1623 1129 1814 1192 magni·

434 1203 605 1250 tudine
649 1204 737 1249 fiat
783 1211 1035 1264 quantum,
1090 1212 1140 1250 et
1183 1221 1273 1267 pro
1319 1220 1498 1267 magna
1541 1204 1619 1252 vel
1663 1219 1816 1268 parva
1884 1240 1892 1258 „

435 1278 712 1341 quantitate
749 1277 974 1340 apposita
1011 1278 1217 1326 densum
1240 1287 1326 1327 aut
1349 1296 1531 1336 rarum,
1569 1286 1620 1328 et
1646 1294 1815 1327 rursus
1879 1283 1900 1338 ζ’
1913 1285 1925 1335 ‚¹

434 1353 668 1417 adjuncta
699 1354 859 1416 figura
891 1354 979 1401 fiat
1012 1355 1310 1418 figuratum;
1347 1363 1397 1403 et
1429 1362 1603 1418 postea
1633 1355 1815 1418 injecto

434 1428 618 1475 lumine
653 1427 731 1475 vel
764 1427 942 1487 colore,
980 1428 1214 1489 lucidum,
1253 1438 1303 1478 et
1327 1430 1615 1489 coloratum,
1651 1446 1817 1493 quam·
1879 1420 1905 1491 ³³

436 1520 583 1566 quam
606 1503 706 1550 sint
727 1503 951 1550 nonnulli
975 1504 1058 1566 qui
1083 1505 1152 1552 sic
1174 1505 1507 1569 philosophati
1531 1511 1661 1553 sunt.
1888 1567 1897 1572 ἡ
1922 1558 1928 1564 ³

154 1578 402 1664 ssffissfflssnti.
509 1584 583 1626 15.
622 1577 896 1640 Scriptores
927 1578 1075 1642 logici
1107 1580 1308 1627 nomina
1335 1580 1444 1643 (per
1467 1579 1632 1628 omnia
1653 1594 1819 1627 rerum

436 1652 640 1717 genera)
706 1652 868 1700 minus
929 1654 1208 1702 communia
1263 1655 1420 1718 magis
1478 1653 1818 1703 communibus
1876 1654 1897 1716 {2²
1926 1701 1929 1718 ³

436 1727 801 1776 subordinando
826 1727 878 1774 in
916 1728 1151 1790 quasdam
1176 1730 1329 1777 scalas
1355 1730 1456 1777 sive
1479 1729 1660 1793 gradus
1684 1728 1820 1791 dige-
1862 1743 1869 1778 ·,

436 1819 545 1850 rere
603 1801 768 1849 conati
829 1810 975 1857 sunt3
1028 1803 1163 1851 velut
1213 1804 1265 1851 in
1309 1820 1489 1867 genere
1543 1819 1820 1867 corporum,
1867 1803 1927 1849 ,Υ

436 1877 595 1940 primo
635 1885 685 1924 et
721 1893 909 1925 summo
945 1878 1054 1926 loco
1076 1895 1259 1942 eorpus
1298 1879 1586 1943 simpliciter
1616 1873 1820 1942 ⁰ponere,

439 1951 616 1999 deinde
653 1953 742 1999 sub
786 1968 843 1999 eo
880 1953 1082 2000 nomina
1120 1954 1281 2001 minus
1319 1953 1600 2002 communia
1645 1953 1821 2016 quibus
1884 1972 1893 1990 1-

437 2027 679 2074 limitetur
712 2034 763 2074 et
791 2027 1163 2076 determinatius
1178 2030 1280 2086 fiat,
1305 2029 1536 2077 nimirum
1554 2027 1821 2075 animatum
1890 2047 1898 2094 3

439 2109 491 2149 et
513 2102 849 2162 inanimatum,
888 2111 937 2150 et
961 2103 1030 2150 sic
1055 2103 1284 2167 deinceps
1322 2105 1478 2152 donec
1507 2102 1823 2167 perveniatur
1894 2150 1934 2170 ³

440 2176 505 2224 ad
544 2177 805 2224 individua
824 2197 844 2232 ,·
897 2178 1121 2226 similiter
1159 2179 1210 2226 in
1251 2195 1432 2243 genere
1474 2178 1821 2241 quantitatum,
1893 2171 1935 2247 {2

439 2252 599 2315 primo
642 2259 692 2299 et
734 2268 923 2300 summo
958 2253 1068 2301 loco
1103 2261 1297 2316 ponunt
1338 2260 1586 2318 quantum,
1629 2252 1821 2311 deinde,

440 2327 637 2383 lineam,
683 2328 1014 2390 superficiem,
1057 2336 1107 2375 et
1148 2328 1376 2386 solidum,
1421 2327 1623 2375 nomina
1661 2327 1822 2375 minus

440 2401 573 2457 lata;
632 2410 780 2464 atque
836 2403 926 2450 hos
975 2403 1170 2450 ordines
1215 2403 1469 2451 nominum
1514 2403 1614 2451 sive
1668 2402 1823 2450 scalas
1890 2420 1936 2462 ,y

440 2477 686 2540 appellare
734 2477 894 2525 solent
942 2477 1355 2541 praedicamenta,
1418 2487 1469 2525 et
1514 2477 1820 2542 categorias.
1902 2467 1915 2482 Χ

441 2551 746 2599 Ordinantur
783 2560 948 2599 autem
977 2551 1178 2600 nomina
1199 2568 1301 2600 non
1322 2553 1470 2600 modo
1492 2552 1713 2616 positiva
1737 2551 1824 2599 sed
1906 2591 1933 2614 ³.

443 2626 591 2673 etiam
636 2623 890 2690 negativa.
972 2626 1208 2689 Exempla
1239 2634 1404 2674 autem
1445 2627 1546 2675 sive
1581 2625 1823 2690 formuloe

442 2697 934 2762 praedicamentorum
955 2702 1235 2764 hujusmodi
1259 2718 1363 2750 esse
1385 2709 1606 2766 possunt.
