1936 3262
367 282 495 323 xxxvi
737 297 847 325 vrrAE
872 297 1114 325 HOBBIANAE
1137 296 1417 325 AUCTARIUM.

367 405 565 447 submisit.
627 405 819 449 Hobbius
838 417 975 449 autem
995 407 1115 448 amici
1134 406 1347 463 postulatis
1365 419 1558 461 responso
1578 404 1783 456 satisfecit,

367 503 421 544 et,
458 495 556 551 quid
591 495 643 537 de
673 496 803 538 nobili
833 497 903 538 illo
936 505 1124 553 poemate
1143 495 1325 548 sentiret,
1356 494 1558 551 exposuit,
1591 509 1668 537 nec
1700 509 1786 537 non

369 584 539 627 ulterius
558 586 610 628 de
629 587 826 642 poematis
845 587 1004 629 ratione
1023 587 1067 627 in
1082 601 1245 644 genere,
1262 595 1304 628 et
1316 584 1527 641 specialius
1543 584 1596 626 de
1606 583 1786 635 heroico,

369 674 631 717 ratiocinatus
650 685 723 726 est,
745 692 868 733 supra
886 677 1073 733 vulgares
1091 676 1347 718 literatorum
1366 675 1565 716 notiones.

428 762 584 805 Eodem
605 780 715 807 anno
734 766 989 822 publicatum
1008 776 1070 808 est
1088 781 1189 823 opus
1209 766 1309 822 ejus,
1332 779 1521 807 sermone
1544 763 1691 820 patrio,
1722 765 1791 807 De

370 855 542 896 Natura
561 857 779 906 Humana,
800 856 1000 912 praefante
1030 856 1110 911 (uti
1138 856 1246 898 fama
1273 855 1429 911 accepi)
1462 854 1613 896 summi
1633 853 1791 911 ingenii

370 956 418 983 ac
444 942 590 998 judicii
624 944 711 986 viro
749 945 875 987 Setho
912 945 1076 996 Wardo,
1113 955 1211 987 tunc
1244 944 1521 987 Astronomiae
1555 942 1792 985 Professore

375 1031 592 1083 Saviliano,
633 1049 744 1076 nunc
784 1035 987 1092 Episcopo
1017 1034 1344 1086 'Sarisburiensi,
1391 1044 1433 1076 et
1479 1033 1793 1091 elegantissimis

371 1122 554 1164 iambicis
572 1123 799 1166 adornante
822 1125 1043 1182 Radulpho
1065 1126 1275 1175 Bathurst,
1307 1134 1406 1166 tunc
1426 1124 1622 1181 magistro
1640 1124 1794 1167 artium

374 1211 548 1269 Collegii
578 1213 796 1256 Trinitatis
826 1215 964 1259 Oxon.
998 1231 1110 1258 nunc
1140 1216 1296 1258 decano
1334 1214 1616 1257 Bathoniensi.
1678 1214 1796 1257 Sicut

373 1302 509 1353 etiam,
537 1318 647 1346 anno
666 1314 864 1356 vertente,
892 1305 997 1348 liber
1016 1308 1084 1349 De
1106 1308 1287 1361 Corpore
1305 1307 1484 1348 Politico
1506 1303 1689 1346 Londini
1717 1305 1796 1346 im-

373 1407 534 1448 pressus
553 1403 625 1435 est.

432 1483 558 1526 Anno
582 1487 685 1526 1651
707 1486 861 1541 prodiit
888 1487 1085 1543 scriptum
1119 1485 1287 1527 nomine
1323 1487 1562 1527 Leviathan
1600 1485 1692 1540 (per
1711 1491 1797 1526 stu—

375 1573 558 1628 pendum
589 1574 693 1616 illud
720 1576 873 1618 animal
901 1577 1141 1633 designatur
1163 1590 1310 1631 corpus
1329 1574 1578 1630 politicum),
1599 1574 1706 1617 liber
1723 1588 1799 1631 per

378 1662 588 1719 Europam
619 1664 929 1717 celeberrimus3
976 1666 1134 1722 scriptis
1168 1664 1334 1706 interim
1370 1664 1585 1706 contrariis
1621 1664 1799 1706 vexatis-

376 1753 523 1803 simus3
568 1769 690 1810 quem
723 1755 912 1796 nonnulli
943 1755 1059 1812 quasi
1093 1754 1303 1796 insolitum
1335 1753 1519 1810 politices
1554 1753 1798 1796 miraculum

377 1851 650 1895 venerantur3
671 1844 740 1885 alii
760 1844 924 1886 interim
941 1844 1057 1901 quasi
1077 1852 1306 1886 monstrum
1325 1842 1593 1893 horrendum,
1608 1843 1798 1895 informe,

378 1933 491 1975 omni
536 1933 704 1975 rationis
746 1934 902 1976 lumine
943 1934 1197 1984 destitutum,
1243 1933 1409 1990 fugiunt
1455 1941 1497 1974 et
1532 1932 1800 1975 detestantur.

381 2022 562 2064 Fruatur
591 2022 765 2079 quisque
788 2038 861 2065 suo
884 2038 958 2079 per
986 2038 1052 2065 me
1083 2038 1204 2065 sensu
1225 2022 1343 2074 licet3
1373 2022 1487 2072 mihi,
1518 2037 1595 2064 nec
1625 2022 1802 2065 alienam

379 2112 692 2168 philosophandi
742 2112 973 2154 libertatem
1022 2112 1368 2163 circumscribere,
1409 2126 1544 2169 neque
1593 2112 1802 2168 propriam

379 2202 565 2258 prodere,
587 2203 748 2244 animus
768 2213 840 2244 est.

439 2291 578 2333 Missis
609 2300 746 2333 autem
776 2292 819 2332 in
853 2291 1031 2334 Galliam
1058 2291 1268 2334 nonnullis
1294 2294 1565 2335 Leviathanis
1596 2290 1804 2348 exempla·-

382 2382 508 2432 ribus,
532 2381 712 2438 theologi
735 2382 956 2438 Anglicani
984 2383 1055 2439 qui
1083 2382 1191 2424 circa
1219 2397 1360 2439 regem
1380 2391 1510 2432 erant,
1533 2382 1586 2424 ob
1612 2380 1804 2439 quaedam

383 2487 431 2513 eo
469 2471 513 2512 in
547 2486 670 2527 opere
702 2471 923 2527 paradoxa,
965 2471 1182 2514 Hobbium
1216 2482 1428 2528 tamquam
1463 2471 1649 2527 partibus
1681 2470 1805 2528 regiis

385 2561 522 2602 minus
549 2560 772 2611 addictum,
795 2570 883 2602 tum
912 2555 960 2602 ut
988 2577 1187 2604 novarum
1216 2562 1517 2618 impiarumque
1537 2561 1581 2602 in
1606 2561 1804 2619 religione

385 2651 630 2707 opinionum
645 2652 861 2694 authorem
891 2653 1227 2695 criminabantur.
1283 2651 1518 2694 Valuerunt
1534 2652 1646 2708 apud
1664 2666 1803 2709 regem

383 2740 681 2796 pientissimum
713 2742 931 2784 calumniae
965 2743 1173 2799 religionis
1205 2743 1337 2799 specie
1374 2742 1554 2794 larvatae,
1579 2752 1622 2785 et
1648 2757 1806 2799 praeva-

384 2831 564 2872 lentibus
579 2831 841 2882 adversariis,
852 2847 904 2874 ne
923 2832 976 2874 ad
996 2847 1136 2890 regem
1154 2842 1227 2875 aut
1246 2833 1415 2875 domum
1428 2833 1584 2891 regiam
1595 2832 1806 2876 accederet

386 2920 580 2963 mandato
599 2930 766 2962 cautum
787 2930 860 2963 est.
