1936 3262
355 273 486 314 XXXiV
733 288 843 316 vl'rAE
865 288 1108 317 HOBBIANAE
1130 290 1404 319 AUCTARIUM.

355 396 487 446 video,
521 396 592 453 qui
612 396 764 439 librum
785 398 990 449 ardenter,
1027 399 1098 441 sed
1129 399 1280 442 frustra
1315 401 1540 458 requirant·
1600 400 1657 444 Et
1675 401 1783 445 liber

355 496 465 528 certe
495 497 557 529 est
589 502 673 529 non
706 488 897 545 vulgaris,
933 489 1178 547 dignusque,
1211 491 1283 547 qui
1309 492 1509 542 omnium,
1544 492 1616 548 qui
1634 491 1782 535 altiora

354 576 531 632 sapiunt,
568 578 757 619 manibus
790 587 971 629 teratur3
1001 594 1136 636 neque
1160 579 1211 634 (si
1231 579 1301 621 illa
1319 595 1549 636 seposuero,
1572 596 1666 638 quae
1686 581 1782 624 reli-

354 666 532 722 gionem,
554 666 598 707 in
619 681 701 723 qua
721 682 860 709 sumus
880 669 1078 720 ἓτερόδοξοι,
1098 668 1305 722 adtinent)
1329 669 1568 725 scriptorem
1588 685 1779 727 agnosco,

355 757 426 812 qui
446 767 737 813 argumentum
759 767 976 808 scrutetur,
1013 773 1137 815 quam
1169 759 1253 813 ille,
1287 759 1543 815 profundius.
1605 760 1780 802 Utinam

354 860 463 895 vero,
500 855 650 888 caetera
682 847 819 897 etiam,
857 862 951 903 quae
983 847 1052 889 ille
1085 849 1272 898 versavit,
1308 848 1481 904 perinde
1514 848 1779 891 extorsisses!

354 936 508 993 quippe
533 951 587 979 ex
612 937 708 994 ipsis
739 937 782 978 in
813 937 949 979 lucem
982 938 1150 994 prolatis
1184 954 1343 981 summe
1377 940 1536 982 beasses
1569 939 1781 982 nationem

354 1036 482 1068 totam
515 1026 892 1083 philosophantium
926 1027 1079 1078 solide3
1128 1043 1223 1069 cum
1257 1043 1335 1085 ego
1368 1029 1537 1085 quidem
1571 1029 1781 1072 neminem

352 1116 501 1165 norim,
524 1116 596 1172 qui
615 1116 667 1157 sit
686 1115 794 1157 inter
813 1116 1189 1172 philosophandum
1208 1118 1338 1174 magis
1357 1133 1382 1160 a
1400 1118 1641 1175 praejudicio
1659 1119 1780 1171 liber,

354 1206 508 1263 quique
555 1206 747 1262 penitius,
804 1206 1002 1262 quicquid
1049 1222 1190 1248 rerum
1237 1207 1464 1259 edisseruit,
1512 1209 1780 1266 introspiciat.

355 1295 581 1338 Enimvero
600 1305 647 1337 tu
666 1295 802 1337 virum
832 1296 928 1338 satis
959 1297 1092 1347 nosti3
1122 1296 1356 1354 frustraque
1374 1297 1480 1340 foret
1499 1298 1534 1340 si
1551 1299 1654 1356 quid
1671 1314 1782 1356 prae-

352 1395 465 1428 terea
495 1386 539 1427 in
573 1386 973 1428 commendationem
1007 1387 1095 1442 ejus
1129 1387 1364 1429 adderetur.
1425 1388 1542 1440 Vale,
1569 1398 1613 1431 et
1629 1390 1782 1432 amicos

353 1478 527 1532 optimos
566 1475 710 1527 saluta,
760 1476 1044 1533 imprimisque
1089 1476 1356 1527 Curcellium,
1407 1476 1779 1531 Heereboordium,

356 1566 572 1617 Bornium,
594 1576 636 1608 et
654 1566 766 1608 alios.
828 1566 1008 1616 Parisiis,
1040 1567 1079 1607 iv
1101 1566 1274 1609 Calend.
1299 1566 1418 1617 Maii,
1441 1581 1508 1609 c1o
1530 1581 1598 1611 loc
1617 1572 1762 1611 XLVI.'’

353 1744 564 1772 EPISTOLA
601 1744 850 1781 MERSENNI,
884 1735 910 1756 “
930 1743 1247 1772 Enum'mssnuo
1283 1744 1389 1771 vnto
1425 1744 1525 1772 SAM.
1560 1745 1785 1785 soassmuo

529 1818 723 1846 DocTom
744 1818 915 1846 MEDICO
938 1818 1014 1846 sa).
1036 1817 1241 1845 MARINUS
1262 1817 1534 1847 MERSENNUS
1554 1819 1604 1847 Μ.

413 1917 440 1937 “
461 1911 530 1953 En
549 1911 686 1962 audio,
709 1911 941 1954 doctissime
964 1911 1145 1961 Sorberi,
1171 1921 1307 1953 tecum
1325 1910 1430 1953 illud
1448 1912 1662 1969 egregium
1681 1928 1784 1970 opus

354 2006 421 2046 De
451 2004 547 2046 Cive
575 2002 906 2059 incomparabilis
933 2002 1011 2043 viri
1041 2002 1096 2044 D.
1129 2002 1289 2044 Hobbii
1323 2011 1365 2043 te
1397 2001 1564 2058 Hagam
1595 2002 1782 2054 Comitis,

354 2093 433 2135 hoc
452 2102 515 2135 est
534 2093 744 2149 ingentem
766 2092 1003 2134 thesaurum
1031 2092 1260 2134 literarium
1289 2092 1442 2142 tulisse,
1473 2093 1590 2134 novis
1615 2102 1782 2136 auctum

355 2183 684 2241 cogitationibus,
703 2198 797 2239 quae
811 2182 982 2239 singulis
993 2182 1301 2225 difficultatibus
1313 2182 1602 2225 satisfacientes
1613 2182 1781 2239 planum

354 2274 433 2315 iter
469 2273 704 2315 exhibeant.
775 2271 884 2315 Vide
914 2272 1042 2329 igitur
1075 2282 1122 2314 ut
1155 2273 1248 2330 quis
1281 2272 1471 2330 egregius
1487 2307 1489 2309 ,
1505 2273 1785 2330 typographus

354 2366 508 2408 librum
529 2365 645 2407 illum
668 2379 854 2415 aureum,
875 2365 1050 2421 gemmis
1078 2374 1245 2406 auctum
1275 2373 1318 2406 et
1347 2373 1554 2414 ornatum,
1585 2364 1630 2405 in
1649 2363 1784 2406 lucem

354 2457 463 2507 edat,
493 2471 630 2512 neque
658 2455 813 2497 diutius
839 2455 1006 2511 patiaris
1026 2469 1120 2496 eum
1141 2470 1167 2496 a
1186 2454 1304 2496 nobis
1331 2453 1568 2496 desiderari.
1631 2452 1715 2495 Sed
1742 2461 1786 2496 et

353 2546 570 2587 authorem
590 2560 666 2601 pro
685 2545 842 2587 viribus
863 2559 1022 2601 urgeas,
1044 2559 1098 2586 ne
1118 2553 1251 2586 totum
1270 2558 1418 2601 corpus
1440 2542 1781 2599 philosophicum,

355 2636 468 2693 quod
487 2645 627 2678 mente
646 2635 810 2692 premit,
831 2644 874 2677 et
892 2634 1048 2677 calamo
1077 2633 1268 2690 explicat,
1298 2633 1491 2689 deinceps
1518 2646 1614 2675 arca
1646 2632 1783 2688 (nobis

353 2725 486 2778 fatali)
509 2725 740 2776 concludat,
771 2739 826 2767 ne
846 2724 1013 2766 tandem
1033 2737 1108 2765 nos
1127 2723 1182 2764 ad
1200 2722 1492 2764 authoritatem
1511 2722 1668 2779 regiam
1686 2736 1782 2778 pro.-

353 2830 499 2857 vocare
518 2824 650 2871 cogat,
673 2831 756 2872 qua
774 2815 900 2872 ipsius
919 2829 1058 2856 arcam
1076 2813 1259 2855 invidam
1274 2812 1553 2870 effringamus.
1612 2811 1787 2861 Quanta

353 2914 492 2947 autem
526 2905 736 2962 voluptate
768 2921 794 2948 a
827 2905 946 2948 nobis
979 2905 1178 2955 afficieris,
1214 2903 1381 2961 quando
1414 2902 1564 2945 videris
1597 2901 1778 2944 nobilem
