1936 3262
496 275 590 317 234
824 287 895 320 DE
925 288 1267 322 RATIONIBUS
1293 290 1549 325 MOTUUM.

253 396 370 428 PARS
394 397 461 429 111·
489 396 614 460 gulis
650 396 694 443 D
716 402 767 444 et
788 396 827 444 E
851 398 924 445 bis
961 399 1178 460 sumptis.
1249 399 1372 447 Sunt
1411 416 1526 463 ergo
1567 401 1662 449 duo
1701 407 1866 468 ang-uh

267 441 452 509 ὓ-Ῠῖψ
495 473 534 520 Ο
549 473 594 519 K
612 472 676 530 Η,
710 472 748 519 Ο
764 473 812 519 H
834 474 878 520 K
902 473 1109 535 aequales
1149 473 1336 521 duobus
1375 476 1563 538 angulis
1593 477 1638 524 D
1661 484 1709 526 et
1729 479 1769 527 Ε
1790 480 1864 533 bis

494 547 711 610 sumptis.
781 548 877 595 Sed
899 548 1104 610 angulus
1128 548 1166 596 Ο
1182 549 1226 596 K
1246 550 1294 597 H
1333 551 1528 612 aequalis
1568 558 1640 599 est
1677 554 1863 617 angulis

492 624 537 671 D
561 630 610 671 et
631 623 677 671 A
695 624 734 670 Β
753 624 813 682 D,
837 624 889 670 id
906 630 992 682 est,
1013 623 1190 686 angulo
1209 624 1253 672 D
1267 625 1341 672 bis
1359 633 1550 688 sumpto
1570 645 1582 673 z
1617 643 1732 676 nam
1753 644 1862 683 cum

491 699 537 746 A
552 699 608 757 Β,
646 699 690 746 D
707 699 746 746 Ο
785 699 881 746 ε111ῖ
924 699 1181 762 paralellae,
1221 701 1386 763 anguli
1422 701 1466 749 D
1490 708 1538 748 et
1559 701 1604 749 A
1622 702 1662 750 B
1679 703 1725 751 D
1751 712 1862 755 sunt

491 774 679 831 alterni,
716 773 921 836 ideoque
961 773 1183 836 aequales.
1254 774 1416 822 Quare
1449 775 1487 823 Ο
1506 776 1554 823 H
1575 777 1637 834 Κ,
1659 776 1752 826 hoc
1775 787 1861 839 est,

489 849 694 911 angulus
734 850 771 896 F
786 850 833 896 H
851 849 893 897 G
936 849 1133 912 aequalis
1170 865 1360 912 quoque
1400 857 1473 898 est
1510 851 1688 943 angulo
1726 853 1767 902 E
1788 854 1862 916 bis

488 931 696 986 sumpto.
767 924 913 972 Quod
936 931 1039 972 erat
1060 925 1380 987 probandum.
1897 952 1902 953 ν

553 999 729 1047 Coroll.
769 1000 820 1047 si
854 1000 963 1047 duae
997 1006 1142 1047 rectae
1181 1000 1421 1062 paralellae
1460 1001 1711 1049 incidant
1698 1017 1750 1050 m
1770 1003 1863 1052 cir

485 1075 851 1122 cumferentiam
895 1092 925 1123 a
969 1075 1157 1123 duobus
1212 1076 1404 1138 punctis
1447 1076 1576 1124 intra
1630 1077 1860 1126 circulum

485 1149 702 1212 sumptis,
727 1166 893 1197 earum
909 1151 1101 1198 reflexae
1124 1157 1415 1198 concurrent
1436 1151 1487 1198 in
1510 1151 1688 1214 angulo
1712 1151 1858 1215 duplo
1892 1195 1894 1198 ,

486 1227 603 1288 ejus,
629 1226 711 1288 qui
733 1226 789 1272 fit
811 1241 841 1273 a
862 1226 1005 1273 rectis
1029 1225 1186 1272 ductis
1220 1242 1250 1272 a
1273 1233 1439 1273 centro
1463 1226 1526 1273 ad
1541 1233 1724 1288 puncta
1744 1227 1860 1275 inci-

486 1301 678 1349 dentiae.
753 1301 882 1348 Nam
926 1302 971 1349 A
986 1302 1042 1359 Β,
1089 1302 1111 1348 I
1132 1301 1170 1348 Ο
1213 1301 1454 1363 parallelae
1498 1301 1765 1349 incidentes
1807 1301 1857 1351 in
1888 1340 1909 1358 „

484 1383 666 1439 puncta
684 1377 723 1423 B
742 1383 791 1423 et
809 1377 862 1435 Ο,
886 1377 1201 1423 reflectuntur
1217 1391 1304 1438 per
1327 1377 1424 1423 BH
1444 1384 1493 1423 et
1511 1376 1606 1436 CH
1629 1375 1858 1424 facientes

484 1452 717 1514 angulum
741 1453 807 1510 Η,
846 1468 989 1514 quem
1027 1451 1227 1514 duplum
1263 1467 1364 1499 esse
1401 1451 1567 1514 anguli
1588 1451 1628 1498 E
1659 1452 1859 1515 jamjam

489 1527 559 1590 (in
582 1528 663 1590 fig.
691 1527 741 1589 3)
770 1534 1018 1575 ostensum
1041 1534 1127 1574 est.

227 1599 260 1630 ⁸¹
273 1598 343 1630 ΗΒ
346 1598 402 1630 ⁰⁴¹³
387 1609 437 1630 ‘³¹¹¹
549 1609 596 1650 4.
634 1603 685 1650 Si
724 1604 785 1650 ab
825 1603 996 1651 eodem
1030 1609 1212 1665 puncto
1250 1608 1387 1649 extra
1422 1601 1656 1649 circulum
1700 1601 1882 1649 ductae⁴

223 1653 266 1683 Pu
240 1647 359 1716 eetgetin
325 1643 396 1673 md
362 1653 452 1716 αἶα]
456 1678 592 1726 tduae
636 1686 782 1726 rectae
825 1679 1044 1726 incidant
1086 1678 1137 1725 in
1182 1677 1349 1724 circuli
1405 1676 1855 1735 circumferentiam,

273 1730 316 1759 cir
318 1729 438 1760 cumfe-

237 1772 300 1803 enti
303 1782 364 1810 am,
387 1783 437 1802 ea.
483 1769 649 1800 earum
671 1754 861 1801 reflexae
883 1753 1132 1816 productae
1150 1753 1412 1799 introrsum
1425 1752 1605 1799 facient
1626 1751 1856 1814 angulum

217 1868 275 1899 Po
219 1781 324 1932 ΗΗΗΞΞ
321 1795 431 1889 gfff?
406 1869 443 1888 Π,
483 1829 717 1891 aequalem
762 1828 909 1891 duplo
949 1828 1144 1890 angulo,
1192 1827 1273 1889 qui
1317 1828 1373 1874 fit
1409 1843 1438 1874 a
1483 1826 1668 1874 duabus
1712 1827 1853 1875 rectis

220 1907 269 1975 ‘¹1⁰
326 1901 451 1975 Ὓῇιξιζ
483 1903 639 1951 ductis
673 1921 704 1951 a
738 1911 905 1951 centro
945 1903 1009 1951 ad
1042 1910 1224 1987 puncta
1267 1902 1557 1960 incidentiae,
1602 1917 1701 1949 una
1745 1918 1854 1960 cum

220 1998 311 2028 aequa
262 1911 451 2018 {legum
403 1987 461 2018 du-
481 1980 659 2041 angulo
697 1995 840 2042 quem
875 1979 1060 2026 faciunt
1095 1979 1210 2041 ipsae
1248 1977 1530 2025 incidentes.
1597 1977 1644 2024 A
1672 1985 1853 2040 puncto

215 2030 284 2104 filt⁰a
276 2029 420 2104 adguiflis
393 2041 464 2071 'qm
480 2054 525 2100 A
574 2054 645 2116 (in
679 2055 761 2117 fig.
800 2053 853 2116 4)
902 2054 965 2101 ad
1010 2053 1446 2100 circumferentiam
1491 2052 1673 2110 circuli,
1718 2053 1852 2116 cujus

213 2117 352 2209 ΗᾲΗζΗΗ
354 2121 461 2190 ξΗΗξζῗ
480 2136 701 2176 centrum
736 2136 809 2177 est
844 2130 905 2188 D,
946 2129 1042 2176 sint
1077 2128 1235 2175 ductae
1273 2128 1404 2175 duae
1416 2134 1562 2175 rectae
1583 2127 1630 2174 A
1644 2127 1700 2186 Β,
1736 2128 1782 2175 Α
1796 2128 1850 2187 Ο,

211 2256 251 2276 cu
212 2202 304 2233 ‘flend
224 2203 451 2320 nmntffss’ulffi
477 2221 682 2267 quarum
717 2205 909 2252 reflexae
946 2205 1042 2252 sint
1078 2204 1118 2250 B
1133 2205 1188 2262 Ε,
1215 2204 1253 2251 Ο
1269 2203 1324 2262 G,
1350 2219 1457 2265 quae
1491 2202 1742 2265 productae
1776 2203 1850 2250 in-

247 2289 315 2321 cide
317 2257 385 2321 ntgiu
367 2299 430 2320 um
474 2287 685 2328 trorsum
721 2280 902 2327 faciant
937 2279 1168 2342 angulum
1193 2279 1256 2325 H.
1328 2278 1435 2325 Sint
1461 2278 1607 2325 etiam
1641 2277 1798 2325 ductae
1820 2294 1849 2326 a
1906 2322 1907 2325 ,

473 2365 640 2404 centro
665 2357 709 2403 D
733 2355 796 2402 ad
828 2362 1010 2418 puncta
1043 2353 1319 2401 incidentiae
1356 2354 1396 2400 B
1420 2360 1469 2399 et
1492 2353 1545 2411 Ο,
1571 2352 1679 2400 duae
1704 2359 1847 2400 rectae

471 2431 516 2478 D
532 2432 588 2490 B,
613 2432 657 2479 D
674 2431 731 2479 Ο,
796 2431 918 2478 Dico
953 2430 1185 2492 angulum
1219 2430 1267 2475 H
1306 2428 1540 2490 aequalem
1575 2444 1677 2475 esse
1700 2427 1843 2491 duplo

470 2506 649 2569 angulo
673 2506 737 2553 ad
759 2506 819 2564 D,
843 2522 942 2552 una
976 2521 1086 2552 cum
1122 2504 1300 2566 angulo
1333 2503 1397 2550 ad
1418 2504 1477 2550 A.
1548 2502 1845 2551 Producatur

469 2583 600 2629 enim
621 2582 666 2629 A
682 2582 720 2629 C
742 2588 988 2644 utcunque
1023 2581 1075 2627 in
1106 2580 1158 2634 I;
1195 2579 1287 2626 erit
1322 2579 1526 2642 angulus
1564 2578 1640 2625 ΙΟ
1656 2579 1721 2636 Η,
1762 2577 1843 2640 qui

469 2664 542 2704 est
577 2664 803 2704 externus
838 2656 1081 2718 triangulo
1107 2655 1146 2702 Ο
1162 2655 1206 2701 Κ
1223 2655 1289 2713 Η,
1318 2654 1514 2716 aequalis
1551 2653 1738 2700 duobus
1759 2667 1842 2699 an-

467 2732 592 2794 gulis
629 2732 810 2790 ΟΚΗ,
849 2732 1030 2779 ΟΗΚ.
1101 2730 1285 2776 Rursus
1322 2729 1525 2791 angulus
1562 2728 1713 2786 ICD,
1759 2726 1839 2790 qui

468 2814 541 2854 est
563 2813 788 2854 externus
823 2805 1066 2868 triangulo
1105 2805 1142 2852 Ο
1157 2805 1196 2851 L
1210 2805 1270 2862 D,
1309 2804 1400 2851 erit
1422 2803 1618 2866 aequalis
1654 2802 1838 2855 duobus

467 2882 654 2944 angulis
692 2882 731 2930 Ο
746 2882 785 2930 L
799 2882 859 2941 D,
899 2882 938 2929 Ο
951 2881 994 2929 D
1010 2881 1077 2934 L;
1126 2879 1210 2927 sed
1246 2879 1461 2941 angulus
1486 2878 1563 2926 IC
1579 2878 1626 2925 H
1665 2876 1836 2940 duplus
