1936 3262
256 370 370 403 PARS
396 371 425 403 Ι.

250 1064 447 1115 ΕξεῐρΡΙιιιῃ

245 1118 353 1150 primi.

268 2187 422 2219 Secundi.

487 248 546 289 52
798 259 1149 293 COMPUTATIO
1178 260 1302 294 SIVE
1330 261 1545 296 LOGICA.

486 382 597 413 cum
640 369 837 417 nomine
883 369 1119 417 orationis
1165 370 1434 433 copuletur.
1506 371 1702 435 Septem
1744 388 1862 437 ergo

485 441 642 491 modis
667 445 895 508 copulata
917 445 1117 492 nomina
1138 461 1239 493 non
1263 446 1526 494 cohaerent.

488 554 524 590 1.
552 550 593 589 Si
610 563 748 588 nomen
769 552 948 601 Corporis
1313 566 1401 591 cum
1413 555 1565 592 nomine
1578 555 1812 594 Accidentis.

485 605 523 641 2.
551 602 593 640 Si
611 616 750 641 nomen
765 604 945 653 Corporis
1313 619 1399 643 cum
1412 607 1563 644 nomine
1575 607 1863 646 Phantasmatis.
1930 632 1936 649 s

485 659 522 694 3.
553 655 593 693 Si
611 669 749 694 nomen
764 657 944 705 Corporis
1066 700 1069 706 ¹
1312 671 1399 696 cum
1411 660 1564 696 nomine
1576 659 1762 698 Nominis.

483 711 522 746 4.
551 707 592 746 Si
610 721 748 746 nomen
765 709 983 747 Accidentis
1081 709 1278 758 copuletur
1311 724 1399 748 cum
1411 714 1563 749 nomine
1575 712 1864 751 phantasmatis.
1931 706 1936 717 ’

484 764 522 800 5.
553 760 593 799 Si
609 774 749 799 nomen
763 762 993 799 Accidentis
1311 776 1398 801 cum
1412 765 1565 802 nomine
1577 764 1762 803 Nominis.
1932 758 1936 768 ⁴

484 816 523 852 6.
553 813 593 850 Si
605 826 743 851 nomen
756 814 1034 852 Phantasmatis
1310 829 1397 853 cum
1412 818 1563 854 nomine
1576 817 1760 855 Nominis.

485 867 522 907 7.
553 865 594 903 Si
612 879 750 904 nomen
770 866 842 904 Rei
1309 881 1397 907 cum
1409 870 1560 907 nomine
1573 869 1777 908 Orationis.

488 970 711 1018 Quorum
730 970 948 1018 omnium
973 970 1193 1033 exempla
1216 972 1580 1036 subjungemus.

554 1052 599 1093 3.
634 1046 787 1093 Juxta
809 1046 1009 1093 modum
1032 1046 1243 1108 primum
1265 1046 1399 1093 falsae
1423 1054 1539 1094 sunt
1560 1046 1645 1094 ubi
1667 1046 1868 1095 nomina
1934 1040 1936 1044 ¹

487 1121 736 1168 abstracta
749 1122 1040 1184 copulantur
1058 1138 1170 1168 cum
1189 1121 1448 1178 concretis,
1466 1130 1524 1169 ut
1543 1138 1652 1168 esse
1669 1128 1745 1168 est
1765 1138 1868 1178 ens,
1919 1113 1936 1187 j

488 1195 706 1243 essentia
741 1202 818 1242 est
854 1213 955 1252 ens,
993 1197 1040 1242 τὸ
1076 1198 1115 1242 τί
1138 1197 1189 1249 ἦν
1225 1195 1339 1254 awai,
1369 1195 1443 1258 (i.)
1485 1195 1747 1260 quidditas
1789 1202 1865 1242 est
1920 1190 1936 1215 ²³

488 1287 591 1328 ens,
616 1277 666 1317 et
687 1270 843 1318 multa
863 1270 1140 1318 istiusmodi
1173 1286 1280 1333 quae
1302 1271 1615 1334 reperiuntur
1637 1271 1688 1318 in
1711 1279 1866 1318 meta-
1934 1275 1936 1278 ’

487 1345 702 1409 physicis
731 1345 1029 1392 Aristotelis
1049 1364 1067 1400 ;
1115 1346 1230 1393 item
1258 1345 1542 1393 intellectus
1566 1345 1696 1410 agit,
1721 1345 1867 1393 intel-
1931 1406 1936 1414 Ι

490 1420 650 1468 lectus
666 1420 929 1485 intelligit,
946 1421 1081 1469 visus
1101 1421 1251 1480 videt,
1271 1438 1453 1485 eorpus
1469 1427 1546 1468 est
1559 1420 1866 1485 magnitudo,
1932 1423 1936 1450 ³

489 1511 673 1559 eorpus
713 1503 789 1542 est
827 1496 1102 1559 quantitas,
1141 1513 1326 1560 eorpus
1363 1503 1439 1543 est
1481 1496 1720 1553 extensio,
1758 1512 1867 1542 esse

489 1569 725 1616 hominem
760 1577 837 1617 est
868 1570 1021 1626 homo,
1055 1570 1231 1617 albedo
1255 1577 1332 1617 est
1357 1570 1474 1617 alba
1483 1589 1502 1625 ;
1550 1570 1704 1618 simile
1737 1570 1867 1618 enim

489 1651 564 1691 est
587 1661 644 1692 ac
669 1645 709 1692 si
732 1645 840 1707 quis
864 1645 1049 1692 diceret
1073 1661 1249 1692 cursor
1272 1651 1350 1692 est
1380 1662 1572 1704 cursus,
1605 1645 1681 1693 vel
1705 1644 1868 1692 anibu-

490 1719 615 1766 latio
651 1719 886 1778 ambulat,
922 1720 1056 1777 item,
1093 1720 1312 1766 essentia
1347 1726 1424 1766 est
1458 1726 1718 1783 separata,
1754 1719 1866 1766 sub·
1931 1713 1933 1715 ¹

489 1794 681 1841 stantia
705 1801 780 1840 est
806 1794 1083 1850 abstracta,
1115 1802 1262 1856 atque
1287 1795 1460 1842 harum
1484 1795 1679 1854 similes,
1703 1795 1781 1842 vel
1805 1795 1866 1842 ab

489 1870 564 1917 his
576 1869 807 1917 derivatae
827 1869 1054 1932 (quarum
1072 1869 1659 1932 philosophiacommunis
1675 1877 1750 1916 est
1764 1869 1868 1932 ple-

489 1945 710 2006 nissima)
732 1961 843 1992 cum
863 1945 993 1992 enim
1011 1945 1200 1992 nullum
1219 1945 1323 2007 subj
1331 1952 1494 1992 ectum
1508 1944 1790 2003 accidentis,
1815 1944 1867 1992 id

490 2027 580 2076 est,
595 2021 784 2067 nullum
799 2036 975 2083 corpus
993 2028 1068 2067 est
1084 2020 1327 2078 accidens,
1342 2020 1530 2067 nullum
1545 2035 1725 2067 nomen
1739 2019 1867 2066 acci-
1931 2012 1933 2014 ’

490 2094 667 2153 dentis,
694 2095 904 2158 corpori,
921 2111 1079 2157 neque
1105 2095 1324 2158 corporis
1349 2095 1590 2142 accidenti
1606 2095 1866 2142 tribuetur.

555 2177 602 2218 4.
640 2170 865 2218 Secundo
893 2170 1040 2218 modo
1071 2178 1281 2234 peccant
1307 2170 1667 2234 propositiones
1701 2169 1867 2232 hujus·
1932 2192 1936 2193 ⁷

490 2245 638 2303 modi,
675 2252 926 2309 spectrum
963 2252 1040 2293 est
1076 2262 1276 2309 eorpus,
1310 2245 1391 2291 vel
1424 2244 1655 2308 spiritu&
1688 2244 1740 2291 id
1776 2251 1865 2302 est,

491 2336 667 2384 corpus
714 2328 876 2367 tenue.
964 2320 1170 2384 Species
1216 2319 1477 2367 sensibiles
1516 2318 1728 2366 volitant
1765 2335 1866 2382 per
1898 2320 1901 2322 ’

491 2412 670 2452 aerem,
712 2395 824 2453 huc,
867 2395 982 2442 illuc
1030 2401 1294 2453 moventur,
1324 2393 1465 2456 >quod
1502 2393 1755 2456 proprium
1792 2402 1866 2441 est

492 2486 766 2533 corporum.
836 2470 961 2517 Item
997 2469 1167 2516 umbra
1202 2476 1433 2527 movetur,
1471 2469 1546 2516 vel
1575 2476 1649 2516 est
1673 2484 1864 2531 corpus.

492 2546 677 2592 Lumen
701 2551 932 2602 movetur,
965 2544 1041 2591 vel
1065 2552 1140 2591 est
1163 2560 1354 2607 corpus.
1429 2543 1579 2590 Color
1603 2550 1679 2590 est
1703 2543 1866 2605 objec-

493 2627 592 2667 tum
616 2619 838 2677 visionis,
868 2636 1015 2666 sonus
1040 2619 1313 2666 auditionis
1329 2638 1346 2673 ,·
1393 2619 1611 2682 spatium
1630 2618 1709 2665 vel
1729 2618 1866 2665 loeus

493 2701 569 2741 est
611 2711 694 2741 res
732 2700 953 2753 extensa,
997 2694 1200 2756 aliaeque
1245 2694 1525 2757 hujusmodi
1565 2694 1865 2746 innumerae;

494 2786 605 2816 cum
638 2770 767 2817 enim
799 2777 1006 2833 spectra,
1046 2769 1230 2831 species
1261 2769 1490 2827 visibiles,
1521 2769 1643 2827 soni,
1679 2768 1867 2823 umbra,
1933 2808 1936 2810 .

493 2844 592 2902 lux,
629 2845 778 2904 color,
816 2844 1042 2907 spatium,
1080 2845 1162 2891 διο.
1201 2843 1556 2891 somniantibus
1584 2859 1683 2890 non
1707 2843 1867 2890 minus
