1910 3256
239 325 353 356 PARS
370 324 428 355 lv.

308 368 357 399 26.

244 414 406 437 κ-ῆῄα

201 929 275 959 Alia
305 928 450 969 quaedam

202 979 387 1011 argumenta
403 972 442 1002 ad

201 1025 334 1045 vacuum
347 1025 461 1055 ponen-

201 1058 277 1089 dum
291 1058 440 1090 invalida.

481 204 574 245 342
1039 214 1289 248 PHYsmA.

481 330 683 383 atomos,
713 332 768 372 ut
798 325 1048 388 Epicurus,
1081 325 1380 382 insecabiles,
1412 325 1648 373 habentes
1677 333 1843 375 tamen

482 415 591 447 suas
610 400 1007 463 superficieculas,
1032 400 1072 446 si
1096 409 1502 462 componerentur
1526 399 1622 447 duo
1645 416 1848 464 corpora

481 475 744 522 secundum
760 475 923 538 plures
939 475 1016 522 vel
1037 491 1185 522 unam
1208 482 1399 522 tantum
1415 475 1666 538 utriusque
1683 492 1848 540 super-

479 549 762 605 ficieculam,
803 558 1144 613 argumentum
1179 550 1273 598 hoc
1318 550 1533 598 Lucretii
1575 551 1850 600 firmissima
1896 596 1899 610 ι

481 623 826 672 demonstratio
868 626 976 683 erit,
1014 641 1216 688 corpora
1251 625 1398 684 nulla,
1437 642 1545 688 quae
1577 641 1636 673 ex
1658 626 1848 685 atomis,

480 708 537 747 ut
581 700 661 748 ille
698 701 943 764 supponit,
984 708 1212 749 concreta
1244 708 1372 759 sunt,
1411 701 1512 748 ulla
1548 716 1762 764 unquam
1801 701 1850 750 vi
1909 692 1910 701 ¹

481 775 694 839 diffringi
716 793 889 839 posse;
925 776 976 823 id
1004 775 1134 839 quod
1175 776 1469 839 quotidianae
1504 783 1745 839 repugnat
1767 791 1850 824 ex·

479 851 744 913 perientiae.

546 933 592 974 4.
620 928 872 974 Hactenus
891 933 1176 989 argumenta
1191 925 1420 973 Lucretii.
1477 925 1850 989 Videamusjam

480 1009 767 1063 argumenta
789 1008 980 1063 sumpta
1003 1001 1063 1047 ab
1088 1000 1429 1062 experimentis
1452 1001 1794 1048 recentiorum.

547 1092 582 1124 1.
617 1077 1014 1140 Experimentum
1037 1076 1247 1138 primum
1276 1083 1365 1134 est,
1402 1075 1532 1138 quod
1561 1076 1599 1123 si
1622 1091 1707 1124 vas
1735 1091 1852 1124 con-

482 1168 652 1198 cavum
675 1152 867 1199 inverso
889 1151 1041 1199 fundo
1078 1151 1129 1197 in
1166 1167 1342 1214 aquam
1378 1151 1708 1214 immergatur,
1746 1150 1851 1198 fore

479 1233 535 1274 ut
558 1243 684 1290 aqua
706 1227 756 1274 in
784 1227 943 1290 ipsum
979 1226 1237 1281 ascendat;
1274 1226 1404 1289 quod
1434 1226 1541 1274 fieri
1575 1242 1675 1274 11011
1710 1242 1852 1289 posse

480 1302 720 1364 inquiunt,
744 1302 838 1349 nisi
861 1318 944 1349 aer
965 1302 1097 1349 intus
1120 1301 1172 1348 in
1196 1302 1454 1349 arctiorem
1470 1301 1631 1349 locum
1655 1308 1852 1349 contru-

481 1378 626 1424 datur
645 1398 656 1432 ;
692 1377 798 1424 fieri
821 1384 983 1425 autem
1005 1377 1099 1424 hoc
1122 1392 1223 1424 non
1244 1392 1399 1439 posse,
1422 1376 1518 1424 nisi
1535 1383 1647 1424 sunt
1668 1376 1720 1424 in
1742 1392 1853 1424 aere
1879 1378 1882 1380 ’

478 1453 627 1500 loculi
649 1452 790 1500 vacui
811 1473 823 1508 ;
860 1467 1189 1515 compressum
1208 1459 1373 1500 autem
1395 1467 1559 1500 aerem
1581 1451 1645 1500 ad
1666 1459 1853 1500 certum

480 1528 687 1590 gradum
733 1528 988 1592 comprimi
1030 1527 1235 1591 amplius
1274 1543 1375 1575 non
1415 1543 1587 1591 posse;
1625 1527 1853 1575 nimirum

481 1603 733 1665 particulis
757 1604 882 1652 aeris
920 1603 970 1651 in
1011 1603 1174 1650 locum
1212 1602 1472 1650 arctiorem
1508 1602 1734 1666 compelli
1767 1618 1853 1651 ne-

481 1679 725 1741 gantibus.
794 1678 938 1726 Ratio
960 1677 1081 1735 haec,
1118 1677 1355 1740 siquidem
1379 1693 1462 1725 aer
1484 1678 1544 1725 ab
1576 1693 1703 1740 aqua
1723 1677 1854 1726 intra

483 1770 568 1802 vas
593 1762 822 1817 surgente
845 1769 1040 1817 pressus
1072 1754 1228 1816 ipsam
1264 1768 1515 1816 permeare
1550 1768 1651 1801 non
1671 1760 1863 1816 posset,

482 1829 635 1877 videri
665 1837 831 1894 posset
860 1845 961 1877 non
984 1829 1191 1876 infirma.
1262 1829 1358 1876 Sed
1382 1828 1527 1891 quod,
1551 1828 1767 1876 adhibita
1789 1829 1852 1887 vi,

481 1921 571 1952 nec
609 1921 667 1953 ea
701 1906 884 1968 majore
908 1921 1054 1967 quam
1089 1911 1164 1951 est
1197 1904 1303 1967 ipsa
1332 1921 1472 1968 aquae
1506 1905 1732 1968 gravitas,
1769 1919 1854 1952 aer

481 1996 658 2043 aquam
680 1986 921 2044 penetrat,
947 1981 1063 2027 satis
1088 1980 1336 2042 cognitum
1354 1987 1444 2028 est.
1513 1979 1677 2028 Quare
1701 1980 1743 2027 si
1763 1979 1851 2039 vis,

481 2072 579 2119 qua
611 2072 695 2104 vas
733 2056 1032 2119 deprimitur,
1074 2058 1230 2119 major
1270 2055 1333 2103 sit
1365 2062 1559 2113 conatu,
1597 2071 1691 2118 quo
1727 2071 1852 2118 aqua

481 2132 767 2180 naturaliter
789 2132 948 2180 tendit
985 2132 1226 2190 deorsum,
1266 2131 1340 2179 vel
1367 2131 1412 2178 ei
1447 2131 1660 2194 aequalis,
1695 2146 1778 2178 aer
1798 2130 1851 2178 in

481 2223 596 2255 vase
619 2208 848 2267 inclusus,
876 2222 971 2271 qua
991 2207 1070 2255 via
1099 2207 1298 2265 resistit,
1339 2221 1512 2269 nempe
1538 2221 1704 2253 versus
1725 2205 1850 2252 vasis

482 2284 632 2342 labra,
670 2299 728 2331 ea
753 2299 841 2346 per
871 2299 1046 2345 aquam
1082 2282 1264 2330 exibit:
1300 2297 1456 2344 neque
1496 2289 1660 2328 tamen
1689 2287 1848 2335 totus3

485 2366 679 2422 oportet
714 2359 859 2418 enim,
894 2375 988 2421 quo
1011 2359 1167 2420 major
1199 2373 1336 2420 aquae
1371 2355 1676 2420 profunditas
1703 2371 1849 2419 pene·
1899 2412 1905 2413 ἶ

483 2435 660 2482 tranda
683 2435 761 2493 sit,
787 2451 843 2482 00
867 2435 1023 2497 major
1046 2433 1109 2480 sit
1122 2432 1193 2480 vis
1219 2432 1559 2495 deprimentis;
1585 2430 1670 2478 sed
1692 2430 1849 2494 depri-

482 2511 671 2569 mentis,
716 2509 768 2557 id
813 2517 901 2568 est,
948 2525 1085 2571 aquae
1130 2507 1424 2570 assurgentis
1467 2506 1554 2564 vis,
1594 2512 1849 2568 postquam

482 2594 639 2634 totum
683 2602 767 2633 vas
803 2586 1082 2632 immersum
1122 2591 1212 2642 est,
1255 2599 1354 2630 non
1396 2581 1599 2644 amplius
1630 2587 1846 2643 augetur.

482 2663 689 2710 Venitur
713 2678 829 2724 ergo
854 2660 917 2708 ad
940 2659 1260 2723 aequilibrium
1282 2658 1394 2716 tale,
1417 2665 1474 2705 ut
1489 2663 1690 2704 conatus
1712 2668 1847 2718 aquae

484 2738 709 2785 deorsum
731 2736 964 2784 naturalis
989 2734 1185 2798 aequalis
1208 2734 1270 2781 sit
1293 2732 1487 2780 conatui
1509 2731 1573 2780 ad
1595 2747 1767 2794 aquam
1797 2730 1847 2778 in

482 2820 625 2860 aucta
648 2814 749 2876 jam
773 2811 1099 2875 profunditate
1122 2809 1487 2873 penetrandam.
