1910 3256
483 209 576 250 352
1043 219 1296 253 PHYsch.

238 333 365 408 PARg
374 333 429 366 [V
481 328 630 376 talem
651 335 707 377 ut
742 345 772 377 a
808 338 947 378 motu
970 331 1068 378 ullo
1092 330 1205 378 solis
1229 330 1434 394 produci
1456 338 1636 415 posset.
1707 332 1855 381 Hanc
1872 383 1884 398 ,

188 415 197 425 “
253 424 416 445 κ-Ἰ-κ
480 404 632 467 igitur
653 412 815 453 motus
856 406 1086 469 simplicis
1123 405 1418 470 hypothesin
1440 406 1597 453 visum
1632 413 1708 454 est
1738 401 1873 455 reti-²

481 495 629 526 nere·
619 516 630 535 ,
689 488 739 528 et
785 497 991 543 quorum
1034 481 1393 544 phaenomenffin
1439 497 1609 528 causas
1655 482 1716 529 ab
1755 482 1861 531 illo·

482 554 701 603 derivare
723 572 931 619 possem,
975 572 1055 603 eas
1096 556 1341 611 derivare3
1378 563 1556 603 caetera
1593 571 1702 619 quae
1742 556 1855 606 inde

482 629 720 677 deducere
743 647 844 678 non
867 646 1076 693 possem,
1101 644 1211 678 non·
1225 631 1486 693 attingere.
1848 663 1861 669 .,

546 704 816 767 Objicietur
854 705 1077 762 fortasse,
1122 705 1253 767 quod
1289 705 1395 763 etsi,
1433 721 1522 768 per
1557 705 1850 769 hypothesin
1877 739 1879 742 -

479 778 641 837 talem,
657 779 966 842 parallelismi
982 780 1085 827 axis
1105 787 1249 827 terrae
1269 780 1569 843 aliarumque
1588 780 1852 830 multarum

479 867 642 901 rerum
666 855 1005 917 apparentium
1027 855 1153 902 ratio
1178 854 1317 902 reddi
1347 854 1516 917 possit,
1556 871 1667 903 cum
1690 863 1854 906 tamen

479 928 531 976 id
556 930 643 976 fiat
665 945 753 992 per
775 929 1147 976 collocationem
1172 930 1387 992 corporis
1411 929 1581 977 solaris
1605 930 1656 978 in
1680 939 1850 980 centro

480 1005 626 1063 orbis,
643 1020 788 1067 quem
812 1004 1042 1052 describit
1065 1012 1197 1052 terra
1218 1012 1356 1052 motu
1380 1021 1560 1063 annuo,
1585 1005 1690 1068 ipsa
1702 1006 1854 1070 hypo-

478 1079 628 1126 thesis
651 1079 772 1126 falsa
795 1086 885 1136 est,
911 1095 1021 1126 cum
1045 1080 1175 1127 orbis
1199 1095 1388 1127 annuus
1408 1080 1498 1127 soli
1522 1080 1586 1128 sit
1609 1083 1851 1130 excentri-

481 1170 579 1201 cus.
648 1154 911 1201 Videamus
948 1170 1065 1217 ergo
1100 1156 1258 1218 primo
1282 1155 1390 1203 loco
1415 1171 1524 1218 quae
1547 1156 1610 1204 sit
1635 1163 1685 1204 et
1721 1158 1864 1207 unde*

481 1229 667 1277 oriatur
690 1229 773 1276 illa
796 1230 1153 1277 excentricitas.

200 1305 465 1380 ξζὲῗὲῇξξξξω
548 1310 593 1352 8.
632 1304 705 1352 Sit
746 1320 862 1367 ergo
909 1304 981 1365 (in
1023 1305 1193 1352 eadem
1229 1306 1312 1368 fig.
1357 1304 1408 1367 3)
1451 1306 1661 1354 circulus
1706 1313 1852 1356 terrae

199 1396 290 1422 terrae
305 1392 413 1424 annui.
480 1395 669 1427 annuus
702 1396 734 1426 a
751 1379 778 1426 b
798 1396 824 1426 c
840 1379 877 1426 d
909 1379 1089 1427 divisus
1126 1379 1472 1443 quadrifariam
1508 1396 1538 1428 a
1572 1380 1720 1428 rectis
1761 1397 1794 1428 a
1809 1398 1851 1440 e,

482 1454 510 1501 b
530 1454 580 1511 d,
618 1454 893 1501 secantibus
935 1470 986 1501 56
1023 1462 1195 1502 mutuo
1232 1455 1283 1502 in
1325 1462 1495 1503 centro
1532 1472 1587 1503 e:
1624 1456 1783 1519 sitque
1819 1473 1853 1504 a

480 1529 674 1576 initium
713 1529 866 1585 librae,
908 1528 936 1575 b
973 1529 1262 1592 capricorni,
1297 1546 1323 1577 e
1359 1529 1540 1589 arietis,
1579 1530 1616 1578 d
1653 1531 1818 1579 cancri
1839 1550 1850 1579 :

479 1603 877 1667 intelligaturque
902 1619 1013 1650 cum
1038 1604 1308 1666 Copernico
1333 1612 1493 1652 totum
1516 1605 1685 1653 orbem
1705 1605 1856 1653 abed
1874 1632 1878 1644 ‹

479 1686 671 1726 tantum
695 1678 876 1726 distare
900 1678 1223 1741 undequaque
1248 1695 1277 1726 a
1292 1679 1524 1742 signifero
1547 1680 1769 1738 fixarum,
1797 1688 1851 1728 ut

481 1755 545 1802 sit
567 1762 701 1802 totus
738 1762 965 1817 respectu
1001 1754 1246 1802 distantiae
1288 1762 1437 1802 tantae
1473 1755 1628 1802 instar
1662 1757 1870 1819 puncti.-.

482 1830 796 1892 Supponatur
814 1831 917 1892 jam
940 1837 1120 1876 terram
1157 1845 1261 1876 esse
1297 1830 1347 1876 in
1382 1830 1522 1877 initio
1557 1830 1692 1877 librae
1715 1831 1779 1894 ad
1801 1848 1848 1891 a,

479 1905 723 1952 videbitur
747 1920 863 1967 ergo
882 1905 955 1952 sol
974 1904 1023 1951 in
1049 1905 1189 1952 initio
1214 1905 1378 1952 arietis
1397 1905 1460 1952 ad
1484 1922 1525 1952 c.
1576 1906 1715 1953 Mota
1733 1922 1858 1970 ergo*
1881 1965 1888 1971 ¹

479 1987 611 2027 terra
635 1981 694 2027 ab
720 1997 752 2026 a
776 1979 839 2027 ad
863 1979 907 2037 b,
930 1979 1176 2027 videbitur
1191 1979 1262 2027 sol
1276 1980 1461 2027 moveri
1475 1997 1504 2028 a
1529 1997 1556 2028 c
1576 1980 1639 2028 ad
1656 1981 1850 2030 initium

478 2055 642 2102 cancri
665 2055 716 2102 in
742 2054 790 2112 d,
816 2061 865 2101 et
887 2061 1115 2117 promota
1137 2061 1270 2101 terra
1303 2071 1332 2102 a
1368 2055 1396 2102 b
1431 2055 1494 2102 ad
1528 2072 1570 2113 e,
1606 2055 1848 2104 videbitur

479 2129 551 2176 sol
573 2137 825 2192 promotus
850 2144 954 2176 esse
978 2128 1040 2175 ad
1063 2129 1257 2175 initium
1280 2129 1416 2177 librae
1439 2130 1491 2176 in
1516 2146 1562 2177 a.
1620 2130 1710 2177 Est
1733 2146 1847 2193 ergo

477 2222 504 2252 c
524 2205 561 2252 d
572 2221 603 2251 a
627 2220 767 2251 arcus
799 2203 1011 2260 aestivus,
1044 2220 1075 2249 a
1093 2203 1120 2249 b
1142 2220 1168 2250 c
1202 2204 1464 2266 hybernus.
1534 2204 1663 2251 Dum
1686 2212 1848 2252 autem

476 2279 669 2326 videtur
693 2279 764 2326 sol
781 2278 961 2325 morari
984 2277 1034 2324 in
1058 2293 1176 2324 arcu
1198 2278 1383 2336 aestivo,
1408 2279 1534 2325 fiunt
1558 2279 1659 2326 dies
1691 2278 1845 2340 186};

477 2354 682 2402 totidem
706 2370 822 2416 ergo
847 2352 1185 2400 conversiones
1210 2353 1396 2401 diurnae
1425 2354 1551 2401 fiunt
1580 2370 1610 2401 a
1642 2361 1774 2401 terra
1795 2354 1845 2400 in
1871 2371 1875 2374 ’

475 2446 593 2477 arcu
640 2446 672 2476 a
689 2429 716 2476 b
733 2446 788 2484 σς
847 2444 996 2491 quare
1043 2427 1212 2475 eadem
1254 2436 1401 2487 terra,
1445 2429 1559 2476 dum
1604 2428 1845 2491 percurrit

475 2521 616 2553 arcus
651 2521 676 2551 c
694 2505 788 2562 da,
845 2503 992 2551 faciet
1038 2503 1235 2550 diurnas
1277 2504 1618 2551 conversiones
1655 2511 1844 2551 tantum

483 2580 620 2642 173}-
670 2579 832 2642 Major
857 2594 973 2641 ergo
999 2578 1143 2624 debet
1162 2594 1265 2625 esse
1289 2594 1430 2625 arcus
1456 2595 1487 2625 a
1504 2578 1531 2625 b
1547 2595 1573 2626 e
1597 2594 1715 2626 arcu
1738 2578 1843 2626 eda
1868 2580 1871 2582 ’

476 2655 645 2702 diebus
684 2656 763 2716 Sti>
802 2654 854 2700 id
882 2661 971 2711 est,
1004 2652 1234 2716 gradibus
1270 2653 1372 2700 fere
1409 2653 1642 2700 totidem:
1681 2652 1743 2700 sit
1770 2656 1844 2700 a'r

475 2746 617 2777 arcus
649 2729 889 2792 graduum
913 2731 1018 2787 25¹5,
1056 2736 1105 2775 et
1129 2743 1270 2774 arcus
1296 2745 1322 2775 c·
1342 2744 1367 2774 s
1391 2727 1611 2775 totidem.
1681 2727 1858 2790 Major,

476 2820 592 2867 ergo
618 2814 692 2852 est
716 2821 856 2852 arcus
880 2820 908 2850 r
925 2803 952 2850 b
967 2820 992 2849 «ς
1016 2802 1318 2850 semicirculo
1342 2820 1374 2850 α
1392 2803 1419 2849 b
1435 2820 1461 2850 c·
1496 2802 1725 2867 gradibus
1749 2802 1839 2862 4};
