<?xml version="1.0" encoding="UTF-8"?>
<!DOCTYPE html PUBLIC "-//W3C//DTD XHTML 1.0 Transitional//EN"
    "http://www.w3.org/TR/xhtml1/DTD/xhtml1-transitional.dtd">
<html xmlns="http://www.w3.org/1999/xhtml" xml:lang="en" lang="en">
 <head>
  <title>
</title>
<meta http-equiv="Content-Type" content="text/html;charset=utf-8" />
  <meta name='ocr-system' content='tesseract 3.04.00' />
  <meta name='ocr-capabilities' content='ocr_page ocr_carea ocr_par ocr_line ocrx_word'/>
</head>
<body>
  <div class='ocr_page' id='page_1' title='image "./operaphilosophic01hobbuoft_0040.png"; bbox 0 0 1936 3262; ppageno 0'>
   <div class='ocr_carea' id='block_1_1' title="bbox 354 271 1418 316">
    <p class='ocr_par' dir='ltr' id='par_1_1' title="bbox 354 271 1418 316">
     <span class='ocr_line' id='line_1_1' title="bbox 354 271 1418 316; baseline 0.003 -5"><span class='ocrx_word' id='word_1_1' title='bbox 354 271 482 312; x_wconf 85' lang='lat' dir='ltr'>xxviii</span> <span class='ocrx_word' id='word_1_2' title='bbox 737 286 849 314; x_wconf 77' lang='lat' dir='ltr'>vlrAE</span> <span class='ocrx_word' id='word_1_3' title='bbox 872 287 1114 315; x_wconf 68' lang='lat' dir='ltr'>nonnuNAE</span> <span class='ocrx_word' id='word_1_4' title='bbox 1139 286 1418 316; x_wconf 78' lang='lat' dir='ltr'>AUCTARIUM.</span> 
     </span>
    </p>
   </div>
   <div class='ocr_carea' id='block_1_2' title="bbox 333 395 1801 2986">
    <p class='ocr_par' dir='ltr' id='par_1_2' title="bbox 351 395 1797 711">
     <span class='ocr_line' id='line_1_2' title="bbox 353 395 1795 453; baseline 0.002 -17"><span class='ocrx_word' id='word_1_5' title='bbox 353 404 396 436; x_wconf 91' lang='lat' dir='ltr'>et</span> <span class='ocrx_word' id='word_1_6' title='bbox 434 395 664 437; x_wconf 89' lang='lat' dir='ltr'>antimonio</span> <span class='ocrx_word' id='word_1_7' title='bbox 704 395 831 447; x_wconf 85' lang='lat' dir='ltr'>foetae,</span> <span class='ocrx_word' id='word_1_8' title='bbox 879 406 922 438; x_wconf 90' lang='lat' dir='ltr'>et</span> <span class='ocrx_word' id='word_1_9' title='bbox 968 397 1230 439; x_wconf 88' lang='lat' dir='ltr'>subterranei</span> <span class='ocrx_word' id='word_1_10' title='bbox 1269 412 1426 453; x_wconf 85' lang='lat' dir='ltr'>specus,</span> <span class='ocrx_word' id='word_1_11' title='bbox 1468 411 1648 453; x_wconf 89' lang='lat' dir='ltr'>quorum</span> <span class='ocrx_word' id='word_1_12' title='bbox 1686 411 1795 439; x_wconf 83' lang='lat' dir='ltr'>unus</span> 
     </span>
     <span class='ocr_line' id='line_1_3' title="bbox 356 484 1797 545; baseline 0.003 -19"><span class='ocrx_word' id='word_1_13' title='bbox 356 484 576 540; x_wconf 87' lang='lat' dir='ltr'>(honorem</span> <span class='ocrx_word' id='word_1_14' title='bbox 594 486 820 542; x_wconf 60' lang='lat' dir='ltr'>praefi‘zbor)</span> <span class='ocrx_word' id='word_1_15' title='bbox 852 487 1021 529; x_wconf 87' lang='lat' dir='ltr'>Diaboli</span> <span class='ocrx_word' id='word_1_16' title='bbox 1045 488 1183 544; x_wconf 84' lang='lat' dir='ltr'>podex</span> <span class='ocrx_word' id='word_1_17' title='bbox 1214 488 1466 538; x_wconf 89' lang='lat' dir='ltr'>nominatur,</span> <span class='ocrx_word' id='word_1_18' title='bbox 1499 487 1552 529; x_wconf 92' lang='lat' dir='ltr'>de</span> <span class='ocrx_word' id='word_1_19' title='bbox 1584 502 1682 545; x_wconf 91' lang='lat' dir='ltr'>quo,</span> <span class='ocrx_word' id='word_1_20' title='bbox 1710 487 1797 530; x_wconf 86' lang='lat' dir='ltr'>sive</span> 
     </span>
     <span class='ocr_line' id='line_1_4' title="bbox 352 576 1796 633; baseline 0.001 -17"><span class='ocrx_word' id='word_1_21' title='bbox 352 576 439 617; x_wconf 92' lang='lat' dir='ltr'>veri</span> <span class='ocrx_word' id='word_1_22' title='bbox 459 576 706 633; x_wconf 82' lang='lat' dir='ltr'>ignorantia,</span> <span class='ocrx_word' id='word_1_23' title='bbox 720 577 804 618; x_wconf 91' lang='lat' dir='ltr'>sive</span> <span class='ocrx_word' id='word_1_24' title='bbox 820 576 1050 619; x_wconf 89' lang='lat' dir='ltr'>mentiendi</span> <span class='ocrx_word' id='word_1_25' title='bbox 1068 577 1255 628; x_wconf 84' lang='lat' dir='ltr'>libidine,</span> <span class='ocrx_word' id='word_1_26' title='bbox 1271 577 1402 619; x_wconf 88' lang='lat' dir='ltr'>multa</span> <span class='ocrx_word' id='word_1_27' title='bbox 1416 576 1602 619; x_wconf 87' lang='lat' dir='ltr'>fabulosa</span> <span class='ocrx_word' id='word_1_28' title='bbox 1618 576 1796 620; x_wconf 87' lang='lat' dir='ltr'>circum-</span> 
     </span>
     <span class='ocr_line' id='line_1_5' title="bbox 351 667 558 711; baseline 0.005 -2"><span class='ocrx_word' id='word_1_29' title='bbox 351 667 558 711; x_wconf 84' lang='lat' dir='ltr'>feruntur.</span> 
     </span>
    </p>

    <p class='ocr_par' dir='ltr' id='par_1_3' title="bbox 342 758 1801 2080">
     <span class='ocr_line' id='line_1_6' title="bbox 409 758 1794 809; baseline 0.002 -10"><span class='ocrx_word' id='word_1_30' title='bbox 409 758 536 799; x_wconf 92' lang='lat' dir='ltr'>Anno</span> <span class='ocrx_word' id='word_1_31' title='bbox 560 760 669 800; x_wconf 84' lang='lat'>1634</span> <span class='ocrx_word' id='word_1_32' title='bbox 688 773 784 800; x_wconf 87' lang='lat' dir='ltr'>cum</span> <span class='ocrx_word' id='word_1_33' title='bbox 813 758 983 801; x_wconf 91' lang='lat' dir='ltr'>domino</span> <span class='ocrx_word' id='word_1_34' title='bbox 1017 758 1060 799; x_wconf 88' lang='lat' dir='ltr'>in</span> <span class='ocrx_word' id='word_1_35' title='bbox 1092 758 1273 801; x_wconf 80' lang='lat' dir='ltr'>Galliam</span> <span class='ocrx_word' id='word_1_36' title='bbox 1304 759 1478 809; x_wconf 86' lang='lat' dir='ltr'>transiit,</span> <span class='ocrx_word' id='word_1_37' title='bbox 1513 758 1587 801; x_wconf 90' lang='lat' dir='ltr'>ubi</span> <span class='ocrx_word' id='word_1_38' title='bbox 1624 758 1794 802; x_wconf 82' lang='lat' dir='ltr'>Parisiis</span> 
     </span>
     <span class='ocr_line' id='line_1_7' title="bbox 351 848 1792 906; baseline 0.001 -17"><span class='ocrx_word' id='word_1_39' title='bbox 351 848 519 905; x_wconf 86' lang='lat' dir='ltr'>degens,</span> <span class='ocrx_word' id='word_1_40' title='bbox 541 849 795 905; x_wconf 80' lang='lat' dir='ltr'>praecipuam</span> <span class='ocrx_word' id='word_1_41' title='bbox 817 849 995 904; x_wconf 68' lang='lat' dir='ltr'>naturali</span> <span class='ocrx_word' id='word_1_42' title='bbox 1014 849 1285 906; x_wconf 81' lang='lat' dir='ltr'>philosophiae</span> <span class='ocrx_word' id='word_1_43' title='bbox 1307 849 1601 906; x_wconf 89' lang='lat' dir='ltr'>promovendae</span> <span class='ocrx_word' id='word_1_44' title='bbox 1624 864 1792 906; x_wconf 81' lang='lat' dir='ltr'>operam</span> 
     </span>
     <span class='ocr_line' id='line_1_8' title="bbox 350 939 1795 997; baseline 0.001 -17"><span class='ocrx_word' id='word_1_45' title='bbox 350 939 567 995; x_wconf 87' lang='lat' dir='ltr'>impendit.</span> <span class='ocrx_word' id='word_1_46' title='bbox 628 939 772 988; x_wconf 86' lang='lat' dir='ltr'>Quum</span> <span class='ocrx_word' id='word_1_47' title='bbox 792 949 932 981; x_wconf 90' lang='lat' dir='ltr'>autem</span> <span class='ocrx_word' id='word_1_48' title='bbox 952 955 1004 981; x_wconf 90' lang='lat' dir='ltr'>ex</span> <span class='ocrx_word' id='word_1_49' title='bbox 1025 940 1072 981; x_wconf 89' lang='lat' dir='ltr'>iis</span> <span class='ocrx_word' id='word_1_50' title='bbox 1093 955 1188 997; x_wconf 89' lang='lat' dir='ltr'>quae</span> <span class='ocrx_word' id='word_1_51' title='bbox 1218 939 1344 996; x_wconf 89' lang='lat' dir='ltr'>longo</span> <span class='ocrx_word' id='word_1_52' title='bbox 1374 954 1514 981; x_wconf 89' lang='lat' dir='ltr'>rerum</span> <span class='ocrx_word' id='word_1_53' title='bbox 1544 955 1634 990; x_wconf 85' lang='lat' dir='ltr'>USU,</span> <span class='ocrx_word' id='word_1_54' title='bbox 1666 949 1795 996; x_wconf 85' lang='lat' dir='ltr'>atque</span> 
     </span>
     <span class='ocr_line' id='line_1_9' title="bbox 349 1028 1793 1086; baseline 0.001 -16"><span class='ocrx_word' id='word_1_55' title='bbox 349 1029 435 1071; x_wconf 91' lang='lat' dir='ltr'>acri</span> <span class='ocrx_word' id='word_1_56' title='bbox 465 1029 614 1071; x_wconf 85' lang='lat' dir='ltr'>mentis</span> <span class='ocrx_word' id='word_1_57' title='bbox 641 1029 778 1071; x_wconf 88' lang='lat' dir='ltr'>studio</span> <span class='ocrx_word' id='word_1_58' title='bbox 808 1029 1077 1086; x_wconf 69' lang='lat' dir='ltr'>compererat,</span> <span class='ocrx_word' id='word_1_59' title='bbox 1113 1029 1253 1071; x_wconf 91' lang='lat' dir='ltr'>animo</span> <span class='ocrx_word' id='word_1_60' title='bbox 1287 1029 1369 1071; x_wconf 86' lang='lat' dir='ltr'>alte</span> <span class='ocrx_word' id='word_1_61' title='bbox 1403 1028 1542 1071; x_wconf 88' lang='lat' dir='ltr'>defixa</span> <span class='ocrx_word' id='word_1_62' title='bbox 1577 1029 1793 1072; x_wconf 83' lang='lat' dir='ltr'>insedisset</span> 
     </span>
     <span class='ocr_line' id='line_1_10' title="bbox 350 1118 1790 1171; baseline 0 -10"><span class='ocrx_word' id='word_1_63' title='bbox 350 1119 567 1170; x_wconf 87' lang='lat' dir='ltr'>sententia,</span> <span class='ocrx_word' id='word_1_64' title='bbox 590 1119 633 1160; x_wconf 93' lang='lat' dir='ltr'>in</span> <span class='ocrx_word' id='word_1_65' title='bbox 654 1129 803 1161; x_wconf 89' lang='lat' dir='ltr'>natura</span> <span class='ocrx_word' id='word_1_66' title='bbox 822 1120 961 1161; x_wconf 88' lang='lat' dir='ltr'>omnia</span> <span class='ocrx_word' id='word_1_67' title='bbox 982 1118 1218 1160; x_wconf 84' lang='lat' dir='ltr'>mechanice</span> <span class='ocrx_word' id='word_1_68' title='bbox 1241 1119 1344 1169; x_wconf 87' lang='lat' dir='ltr'>fieri,</span> <span class='ocrx_word' id='word_1_69' title='bbox 1367 1128 1409 1160; x_wconf 93' lang='lat' dir='ltr'>et</span> <span class='ocrx_word' id='word_1_70' title='bbox 1428 1133 1480 1160; x_wconf 90' lang='lat' dir='ltr'>ex</span> <span class='ocrx_word' id='word_1_71' title='bbox 1500 1133 1585 1160; x_wconf 86' lang='lat' dir='ltr'>una</span> <span class='ocrx_word' id='word_1_72' title='bbox 1605 1119 1790 1171; x_wconf 88' lang='lat' dir='ltr'>materia,</span> 
     </span>
     <span class='ocr_line' id='line_1_11' title="bbox 350 1209 1791 1266; baseline 0.003 -18"><span class='ocrx_word' id='word_1_73' title='bbox 350 1209 472 1251; x_wconf 88' lang='lat' dir='ltr'>variis</span> <span class='ocrx_word' id='word_1_74' title='bbox 489 1219 678 1251; x_wconf 88' lang='lat' dir='ltr'>motuum</span> <span class='ocrx_word' id='word_1_75' title='bbox 698 1209 921 1265; x_wconf 89' lang='lat' dir='ltr'>generibus</span> <span class='ocrx_word' id='word_1_76' title='bbox 936 1220 978 1251; x_wconf 92' lang='lat' dir='ltr'>et</span> <span class='ocrx_word' id='word_1_77' title='bbox 998 1209 1201 1250; x_wconf 83' lang='lat' dir='ltr'>mensuris</span> <span class='ocrx_word' id='word_1_78' title='bbox 1232 1209 1400 1266; x_wconf 87' lang='lat' dir='ltr'>agitata,</span> <span class='ocrx_word' id='word_1_79' title='bbox 1432 1209 1624 1251; x_wconf 91' lang='lat' dir='ltr'>universa</span> <span class='ocrx_word' id='word_1_80' title='bbox 1650 1225 1791 1252; x_wconf 89' lang='lat' dir='ltr'>rerum</span> 
     </span>
     <span class='ocr_line' id='line_1_12' title="bbox 349 1299 1789 1357; baseline 0.001 -17"><span class='ocrx_word' id='word_1_81' title='bbox 349 1299 626 1355; x_wconf 72' lang='lat' dir='ltr'>phaenomena</span> <span class='ocrx_word' id='word_1_82' title='bbox 664 1315 881 1357; x_wconf 86' lang='lat' dir='ltr'>exurgere,</span> <span class='ocrx_word' id='word_1_83' title='bbox 924 1309 1008 1341; x_wconf 87' lang='lat' dir='ltr'>tam</span> <span class='ocrx_word' id='word_1_84' title='bbox 1049 1299 1187 1356; x_wconf 86' lang='lat' dir='ltr'>quoad</span> <span class='ocrx_word' id='word_1_85' title='bbox 1235 1299 1479 1341; x_wconf 87' lang='lat' dir='ltr'>animalium</span> <span class='ocrx_word' id='word_1_86' title='bbox 1524 1300 1789 1351; x_wconf 85' lang='lat' dir='ltr'>sensationes,</span> 
     </span>
     <span class='ocr_line' id='line_1_13' title="bbox 349 1390 1792 1447; baseline 0.001 -16"><span class='ocrx_word' id='word_1_87' title='bbox 349 1405 476 1446; x_wconf 89' lang='lat' dir='ltr'>quam</span> <span class='ocrx_word' id='word_1_88' title='bbox 503 1400 750 1432; x_wconf 83' lang='lat' dir='ltr'>caeterorum</span> <span class='ocrx_word' id='word_1_89' title='bbox 784 1406 1005 1447; x_wconf 89' lang='lat' dir='ltr'>corporum</span> <span class='ocrx_word' id='word_1_90' title='bbox 1038 1390 1301 1441; x_wconf 87' lang='lat' dir='ltr'>affectiones3</span> <span class='ocrx_word' id='word_1_91' title='bbox 1333 1390 1426 1432; x_wconf 92' lang='lat' dir='ltr'>ideo</span> <span class='ocrx_word' id='word_1_92' title='bbox 1461 1399 1624 1433; x_wconf 89' lang='lat' dir='ltr'>naturae</span> <span class='ocrx_word' id='word_1_93' title='bbox 1654 1399 1792 1433; x_wconf 86' lang='lat' dir='ltr'>motus</span> 
     </span>
     <span class='ocr_line' id='line_1_14' title="bbox 349 1480 1790 1539; baseline 0.002 -18"><span class='ocrx_word' id='word_1_94' title='bbox 349 1480 599 1537; x_wconf 83' lang='lat' dir='ltr'>indagandae</span> <span class='ocrx_word' id='word_1_95' title='bbox 619 1491 717 1523; x_wconf 87' lang='lat' dir='ltr'>ante</span> <span class='ocrx_word' id='word_1_96' title='bbox 736 1482 876 1524; x_wconf 89' lang='lat' dir='ltr'>omnia</span> <span class='ocrx_word' id='word_1_97' title='bbox 904 1482 1108 1535; x_wconf 89' lang='lat' dir='ltr'>incubuit,</span> <span class='ocrx_word' id='word_1_98' title='bbox 1139 1481 1452 1523; x_wconf 87' lang='lat' dir='ltr'>communicatis</span> <span class='ocrx_word' id='word_1_99' title='bbox 1482 1481 1647 1524; x_wconf 87' lang='lat' dir='ltr'>assiduo</span> <span class='ocrx_word' id='word_1_100' title='bbox 1677 1482 1790 1539; x_wconf 87' lang='lat' dir='ltr'>cogi-</span> 
     </span>
     <span class='ocr_line' id='line_1_15' title="bbox 350 1571 1788 1622; baseline 0.001 -9"><span class='ocrx_word' id='word_1_101' title='bbox 350 1572 445 1613; x_wconf 86' lang='lat' dir='ltr'>tatis</span> <span class='ocrx_word' id='word_1_102' title='bbox 479 1587 576 1613; x_wconf 92' lang='lat' dir='ltr'>cum</span> <span class='ocrx_word' id='word_1_103' title='bbox 609 1571 779 1613; x_wconf 89' lang='lat' dir='ltr'>Marino</span> <span class='ocrx_word' id='word_1_104' title='bbox 818 1572 1056 1621; x_wconf 88' lang='lat' dir='ltr'>Mersenno,</span> <span class='ocrx_word' id='word_1_105' title='bbox 1097 1586 1150 1612; x_wconf 90' lang='lat' dir='ltr'>ex</span> <span class='ocrx_word' id='word_1_106' title='bbox 1192 1571 1470 1613; x_wconf 89' lang='lat' dir='ltr'>Minimorum</span> <span class='ocrx_word' id='word_1_107' title='bbox 1506 1571 1666 1622; x_wconf 89' lang='lat' dir='ltr'>ordine,</span> <span class='ocrx_word' id='word_1_108' title='bbox 1699 1572 1788 1615; x_wconf 87' lang='lat' dir='ltr'>viro</span> 
     </span>
     <span class='ocr_line' id='line_1_16' title="bbox 347 1660 1787 1718; baseline 0.001 -16"><span class='ocrx_word' id='word_1_109' title='bbox 347 1662 499 1703; x_wconf 81' lang='lat' dir='ltr'>eximie</span> <span class='ocrx_word' id='word_1_110' title='bbox 518 1662 642 1711; x_wconf 92' lang='lat' dir='ltr'>bono,</span> <span class='ocrx_word' id='word_1_111' title='bbox 665 1662 799 1711; x_wconf 88' lang='lat' dir='ltr'>docto,</span> <span class='ocrx_word' id='word_1_112' title='bbox 814 1662 993 1712; x_wconf 85' lang='lat' dir='ltr'>curioso3</span> <span class='ocrx_word' id='word_1_113' title='bbox 1024 1671 1066 1703; x_wconf 88' lang='lat' dir='ltr'>et</span> <span class='ocrx_word' id='word_1_114' title='bbox 1086 1661 1129 1702; x_wconf 91' lang='lat' dir='ltr'>in</span> <span class='ocrx_word' id='word_1_115' title='bbox 1149 1660 1404 1702; x_wconf 86' lang='lat' dir='ltr'>illustrandis</span> <span class='ocrx_word' id='word_1_116' title='bbox 1424 1661 1604 1703; x_wconf 85' lang='lat' dir='ltr'>scientiis</span> <span class='ocrx_word' id='word_1_117' title='bbox 1623 1662 1787 1718; x_wconf 88' lang='lat' dir='ltr'>parario</span> 
     </span>
     <span class='ocr_line' id='line_1_17' title="bbox 345 1751 1786 1809; baseline 0 -15"><span class='ocrx_word' id='word_1_118' title='bbox 345 1763 387 1794; x_wconf 91' lang='lat' dir='ltr'>et</span> <span class='ocrx_word' id='word_1_119' title='bbox 408 1763 637 1809; x_wconf 87' lang='lat' dir='ltr'>proxeneta</span> <span class='ocrx_word' id='word_1_120' title='bbox 657 1753 884 1804; x_wconf 82' lang='lat' dir='ltr'>indefesso3</span> <span class='ocrx_word' id='word_1_121' title='bbox 916 1753 988 1809; x_wconf 93' lang='lat' dir='ltr'>qui</span> <span class='ocrx_word' id='word_1_122' title='bbox 1018 1752 1094 1793; x_wconf 90' lang='lat' dir='ltr'>etsi</span> <span class='ocrx_word' id='word_1_123' title='bbox 1123 1752 1300 1807; x_wconf 91' lang='lat' dir='ltr'>propriis</span> <span class='ocrx_word' id='word_1_124' title='bbox 1335 1751 1495 1807; x_wconf 88' lang='lat' dir='ltr'>scriptis</span> <span class='ocrx_word' id='word_1_125' title='bbox 1524 1751 1786 1809; x_wconf 88' lang='lat' dir='ltr'>inventisque</span> 
     </span>
     <span class='ocr_line' id='line_1_18' title="bbox 345 1842 1786 1900; baseline 0.001 -17"><span class='ocrx_word' id='word_1_126' title='bbox 345 1858 430 1884; x_wconf 89' lang='lat' dir='ltr'>non</span> <span class='ocrx_word' id='word_1_127' title='bbox 460 1844 655 1900; x_wconf 86' lang='lat' dir='ltr'>exiguam</span> <span class='ocrx_word' id='word_1_128' title='bbox 683 1843 761 1884; x_wconf 87' lang='lat' dir='ltr'>sibi</span> <span class='ocrx_word' id='word_1_129' title='bbox 797 1842 963 1884; x_wconf 92' lang='lat' dir='ltr'>laudem</span> <span class='ocrx_word' id='word_1_130' title='bbox 998 1842 1310 1898; x_wconf 87' lang='lat' dir='ltr'>comparaverit,</span> <span class='ocrx_word' id='word_1_131' title='bbox 1345 1852 1484 1883; x_wconf 90' lang='lat' dir='ltr'>tamen</span> <span class='ocrx_word' id='word_1_132' title='bbox 1516 1842 1559 1883; x_wconf 92' lang='lat' dir='ltr'>in</span> <span class='ocrx_word' id='word_1_133' title='bbox 1590 1843 1786 1885; x_wconf 84' lang='lat' dir='ltr'>acuendis</span> 
     </span>
     <span class='ocr_line' id='line_1_19' title="bbox 342 1932 1801 1991; baseline -0.001 -15"><span class='ocrx_word' id='word_1_134' title='bbox 342 1934 519 1976; x_wconf 90' lang='lat' dir='ltr'>aliorum</span> <span class='ocrx_word' id='word_1_135' title='bbox 540 1934 731 1991; x_wconf 84' lang='lat' dir='ltr'>ingeniis,</span> <span class='ocrx_word' id='word_1_136' title='bbox 750 1944 792 1976; x_wconf 88' lang='lat' dir='ltr'>et</span> <span class='ocrx_word' id='word_1_137' title='bbox 811 1934 983 1976; x_wconf 86' lang='lat' dir='ltr'>faciliori</span> <span class='ocrx_word' id='word_1_138' title='bbox 999 1932 1213 1975; x_wconf 91' lang='lat' dir='ltr'>reddendo</span> <span class='ocrx_word' id='word_1_139' title='bbox 1227 1932 1474 1974; x_wconf 91' lang='lat' dir='ltr'>commercio</span> <span class='ocrx_word' id='word_1_140' title='bbox 1488 1932 1801 1990; x_wconf 82' lang='lat' dir='ltr'>philosophico,</span> 
     </span>
     <span class='ocr_line' id='line_1_20' title="bbox 342 2023 1217 2080; baseline -0.001 -14"><span class='ocrx_word' id='word_1_141' title='bbox 342 2035 514 2067; x_wconf 80' lang='lat' dir='ltr'>caeteros</span> <span class='ocrx_word' id='word_1_142' title='bbox 535 2025 658 2080; x_wconf 83' lang='lat' dir='ltr'>hujus</span> <span class='ocrx_word' id='word_1_143' title='bbox 678 2023 819 2066; x_wconf 88' lang='lat' dir='ltr'>saeculi</span> <span class='ocrx_word' id='word_1_144' title='bbox 834 2039 977 2065; x_wconf 90' lang='lat' dir='ltr'>omnes</span> <span class='ocrx_word' id='word_1_145' title='bbox 997 2023 1217 2079; x_wconf 84' lang='lat' dir='ltr'>superavit.</span> 
     </span>
    </p>

    <p class='ocr_par' dir='ltr' id='par_1_4' title="bbox 333 2112 1784 2986">
     <span class='ocr_line' id='line_1_21' title="bbox 402 2112 1784 2170; baseline 0 -13"><span class='ocrx_word' id='word_1_146' title='bbox 402 2115 593 2158; x_wconf 85' lang='lat' dir='ltr'>Posthaec</span> <span class='ocrx_word' id='word_1_147' title='bbox 632 2115 827 2156; x_wconf 91' lang='lat' dir='ltr'>Hobbius</span> <span class='ocrx_word' id='word_1_148' title='bbox 863 2114 906 2154; x_wconf 90' lang='lat' dir='ltr'>in</span> <span class='ocrx_word' id='word_1_149' title='bbox 943 2113 1106 2155; x_wconf 88' lang='lat' dir='ltr'>Italiam</span> <span class='ocrx_word' id='word_1_150' title='bbox 1142 2112 1362 2169; x_wconf 90' lang='lat' dir='ltr'>profectus,</span> <span class='ocrx_word' id='word_1_151' title='bbox 1402 2113 1507 2155; x_wconf 85' lang='lat' dir='ltr'>Pisis</span> <span class='ocrx_word' id='word_1_152' title='bbox 1539 2114 1784 2170; x_wconf 86' lang='lat' dir='ltr'>quotidiana</span> 
     </span>
     <span class='ocr_line' id='line_1_22' title="bbox 340 2202 1782 2259; baseline -0.001 -12"><span class='ocrx_word' id='word_1_153' title='bbox 340 2205 641 2248; x_wconf 89' lang='lat' dir='ltr'>consuetudine</span> <span class='ocrx_word' id='word_1_154' title='bbox 672 2220 768 2246; x_wconf 89' lang='lat' dir='ltr'>usus</span> <span class='ocrx_word' id='word_1_155' title='bbox 807 2215 869 2246; x_wconf 86' lang='lat' dir='ltr'>est</span> <span class='ocrx_word' id='word_1_156' title='bbox 906 2203 1058 2245; x_wconf 87' lang='lat' dir='ltr'>Galilei</span> <span class='ocrx_word' id='word_1_157' title='bbox 1092 2202 1243 2244; x_wconf 88' lang='lat' dir='ltr'>Galilei</span> <span class='ocrx_word' id='word_1_158' title='bbox 1279 2202 1452 2259; x_wconf 88' lang='lat' dir='ltr'>Lyncei,</span> <span class='ocrx_word' id='word_1_159' title='bbox 1491 2203 1782 2246; x_wconf 88' lang='lat' dir='ltr'>Mediceorum</span> 
     </span>
     <span class='ocr_line' id='line_1_23' title="bbox 339 2293 1781 2352; baseline 0 -14"><span class='ocrx_word' id='word_1_160' title='bbox 339 2296 534 2352; x_wconf 89' lang='lat' dir='ltr'>syderum</span> <span class='ocrx_word' id='word_1_161' title='bbox 575 2305 617 2337; x_wconf 92' lang='lat' dir='ltr'>et</span> <span class='ocrx_word' id='word_1_162' title='bbox 651 2294 847 2336; x_wconf 87' lang='lat' dir='ltr'>solarium</span> <span class='ocrx_word' id='word_1_163' title='bbox 886 2293 1140 2336; x_wconf 88' lang='lat' dir='ltr'>macularum</span> <span class='ocrx_word' id='word_1_164' title='bbox 1173 2293 1412 2336; x_wconf 91' lang='lat' dir='ltr'>inventione</span> <span class='ocrx_word' id='word_1_165' title='bbox 1446 2293 1568 2345; x_wconf 82' lang='lat' dir='ltr'>clari3</span> <span class='ocrx_word' id='word_1_166' title='bbox 1604 2295 1676 2352; x_wconf 91' lang='lat' dir='ltr'>qui</span> <span class='ocrx_word' id='word_1_167' title='bbox 1705 2297 1781 2338; x_wconf 86' lang='lat' dir='ltr'>etsi</span> 
     </span>
     <span class='ocr_line' id='line_1_24' title="bbox 338 2383 1779 2443; baseline 0.001 -15"><span class='ocrx_word' id='word_1_168' title='bbox 338 2402 426 2443; x_wconf 88' lang='lat' dir='ltr'>prae</span> <span class='ocrx_word' id='word_1_169' title='bbox 447 2385 537 2427; x_wconf 89' lang='lat' dir='ltr'>aliis</span> <span class='ocrx_word' id='word_1_170' title='bbox 557 2385 611 2426; x_wconf 91' lang='lat' dir='ltr'>ad</span> <span class='ocrx_word' id='word_1_171' title='bbox 642 2400 706 2426; x_wconf 90' lang='lat' dir='ltr'>res</span> <span class='ocrx_word' id='word_1_172' title='bbox 739 2384 1033 2426; x_wconf 86' lang='lat' dir='ltr'>astronomicas</span> <span class='ocrx_word' id='word_1_173' title='bbox 1068 2384 1226 2440; x_wconf 90' lang='lat' dir='ltr'>impetu</span> <span class='ocrx_word' id='word_1_174' title='bbox 1261 2383 1443 2440; x_wconf 88' lang='lat' dir='ltr'>quodam</span> <span class='ocrx_word' id='word_1_175' title='bbox 1476 2383 1699 2437; x_wconf 89' lang='lat' dir='ltr'>ferebatur,</span> <span class='ocrx_word' id='word_1_176' title='bbox 1734 2387 1779 2429; x_wconf 90' lang='lat' dir='ltr'>in</span> 
     </span>
     <span class='ocr_line' id='line_1_25' title="bbox 337 2475 1779 2534; baseline 0.002 -16"><span class='ocrx_word' id='word_1_177' title='bbox 337 2476 596 2534; x_wconf 89' lang='lat' dir='ltr'>philosophia</span> <span class='ocrx_word' id='word_1_178' title='bbox 616 2485 754 2517; x_wconf 85' lang='lat' dir='ltr'>tamen</span> <span class='ocrx_word' id='word_1_179' title='bbox 776 2475 954 2517; x_wconf 86' lang='lat' dir='ltr'>naturali</span> <span class='ocrx_word' id='word_1_180' title='bbox 976 2490 1128 2532; x_wconf 86' lang='lat' dir='ltr'>magna</span> <span class='ocrx_word' id='word_1_181' title='bbox 1147 2490 1243 2517; x_wconf 89' lang='lat' dir='ltr'>cum</span> <span class='ocrx_word' id='word_1_182' title='bbox 1267 2475 1390 2517; x_wconf 90' lang='lat' dir='ltr'>laude</span> <span class='ocrx_word' id='word_1_183' title='bbox 1415 2487 1599 2519; x_wconf 87' lang='lat' dir='ltr'>versatus</span> <span class='ocrx_word' id='word_1_184' title='bbox 1630 2488 1704 2529; x_wconf 90' lang='lat' dir='ltr'>est,</span> <span class='ocrx_word' id='word_1_185' title='bbox 1736 2488 1779 2521; x_wconf 87' lang='lat' dir='ltr'>et</span> 
     </span>
     <span class='ocr_line' id='line_1_26' title="bbox 336 2566 1777 2625; baseline 0.001 -16"><span class='ocrx_word' id='word_1_186' title='bbox 336 2570 380 2609; x_wconf 92' lang='lat' dir='ltr'>in</span> <span class='ocrx_word' id='word_1_187' title='bbox 401 2578 594 2609; x_wconf 88' lang='lat' dir='ltr'>naturam</span> <span class='ocrx_word' id='word_1_188' title='bbox 614 2577 750 2609; x_wconf 89' lang='lat' dir='ltr'>motus</span> <span class='ocrx_word' id='word_1_189' title='bbox 775 2567 859 2622; x_wconf 90' lang='lat' dir='ltr'>(cui</span> <span class='ocrx_word' id='word_1_190' title='bbox 880 2566 1006 2608; x_wconf 90' lang='lat' dir='ltr'>fidem</span> <span class='ocrx_word' id='word_1_191' title='bbox 1027 2566 1185 2608; x_wconf 89' lang='lat' dir='ltr'>faciunt</span> <span class='ocrx_word' id='word_1_192' title='bbox 1204 2567 1355 2623; x_wconf 83' lang='lat' dir='ltr'>scripta</span> <span class='ocrx_word' id='word_1_193' title='bbox 1375 2567 1498 2609; x_wconf 90' lang='lat' dir='ltr'>cedro</span> <span class='ocrx_word' id='word_1_194' title='bbox 1514 2567 1777 2625; x_wconf 83' lang='lat' dir='ltr'>dignissima)</span> 
     </span>
     <span class='ocr_line' id='line_1_27' title="bbox 336 2656 1778 2715; baseline 0 -14"><span class='ocrx_word' id='word_1_195' title='bbox 336 2674 463 2715; x_wconf 88' lang='lat' dir='ltr'>supra</span> <span class='ocrx_word' id='word_1_196' title='bbox 483 2658 676 2714; x_wconf 85' lang='lat' dir='ltr'>antiquos</span> <span class='ocrx_word' id='word_1_197' title='bbox 695 2657 932 2714; x_wconf 89' lang='lat' dir='ltr'>longissime</span> <span class='ocrx_word' id='word_1_198' title='bbox 952 2657 1197 2713; x_wconf 88' lang='lat' dir='ltr'>penetravit.</span> <span class='ocrx_word' id='word_1_199' title='bbox 1259 2656 1500 2699; x_wconf 86' lang='lat' dir='ltr'>Amicitiam</span> <span class='ocrx_word' id='word_1_200' title='bbox 1529 2658 1639 2700; x_wconf 90' lang='lat' dir='ltr'>inter</span> <span class='ocrx_word' id='word_1_201' title='bbox 1667 2659 1778 2715; x_wconf 86' lang='lat' dir='ltr'>ipsos</span> 
     </span>
     <span class='ocr_line' id='line_1_28' title="bbox 334 2748 1773 2798; baseline 0 -7"><span class='ocrx_word' id='word_1_202' title='bbox 334 2748 567 2792; x_wconf 88' lang='lat' dir='ltr'>conciliavit</span> <span class='ocrx_word' id='word_1_203' title='bbox 587 2748 695 2790; x_wconf 87' lang='lat' dir='ltr'>idem</span> <span class='ocrx_word' id='word_1_204' title='bbox 717 2748 948 2790; x_wconf 86' lang='lat' dir='ltr'>studiorum</span> <span class='ocrx_word' id='word_1_205' title='bbox 969 2763 1124 2798; x_wconf 90' lang='lat' dir='ltr'>cursus,</span> <span class='ocrx_word' id='word_1_206' title='bbox 1155 2757 1198 2789; x_wconf 90' lang='lat' dir='ltr'>et</span> <span class='ocrx_word' id='word_1_207' title='bbox 1228 2762 1390 2790; x_wconf 85' lang='lat' dir='ltr'>summa</span> <span class='ocrx_word' id='word_1_208' title='bbox 1419 2762 1581 2790; x_wconf 90' lang='lat' dir='ltr'>morum</span> <span class='ocrx_word' id='word_1_209' title='bbox 1601 2763 1649 2791; x_wconf 87' lang='lat' dir='ltr'>ac</span> <span class='ocrx_word' id='word_1_210' title='bbox 1669 2758 1773 2791; x_wconf 89' lang='lat' dir='ltr'>tem-</span> 
     </span>
     <span class='ocr_line' id='line_1_29' title="bbox 333 2838 1774 2896; baseline -0.001 -15"><span class='ocrx_word' id='word_1_211' title='bbox 333 2848 540 2896; x_wconf 84' lang='lat' dir='ltr'>peraturae</span> <span class='ocrx_word' id='word_1_212' title='bbox 561 2838 814 2889; x_wconf 84' lang='lat' dir='ltr'>similitud03</span> <span class='ocrx_word' id='word_1_213' title='bbox 846 2854 940 2895; x_wconf 88' lang='lat' dir='ltr'>quae</span> <span class='ocrx_word' id='word_1_214' title='bbox 962 2838 1132 2880; x_wconf 87' lang='lat' dir='ltr'>fortasse</span> <span class='ocrx_word' id='word_1_215' title='bbox 1152 2838 1383 2879; x_wconf 89' lang='lat' dir='ltr'>communis</span> <span class='ocrx_word' id='word_1_216' title='bbox 1403 2838 1621 2880; x_wconf 90' lang='lat' dir='ltr'>infortunii</span> <span class='ocrx_word' id='word_1_217' title='bbox 1635 2854 1774 2888; x_wconf 67' lang='lat' dir='ltr'>causa,</span> 
     </span>
     <span class='ocr_line' id='line_1_30' title="bbox 336 2913 1771 2986; baseline -0.001 -14"><span class='ocrx_word' id='word_1_218' title='bbox 336 2940 381 2972; x_wconf 87' lang='lat' dir='ltr'>ut</span> <span class='ocrx_word' id='word_1_219' title='bbox 401 2940 577 2986; x_wconf 87' lang='lat' dir='ltr'>uterque</span> <span class='ocrx_word' id='word_1_220' title='bbox 592 2913 801 2971; x_wconf 86' lang='lat' dir='ltr'>acerrimis</span> <span class='ocrx_word' id='word_1_221' title='bbox 819 2929 1200 2971; x_wconf 89' lang='lat' dir='ltr'>Ecclesiasticorum</span> <span class='ocrx_word' id='word_1_222' title='bbox 1217 2929 1399 2971; x_wconf 86' lang='lat' dir='ltr'>censuris</span> <span class='ocrx_word' id='word_1_223' title='bbox 1414 2940 1634 2972; x_wconf 86' lang='lat' dir='ltr'>vexaretur</span> <span class='ocrx_word' id='word_1_224' title='bbox 1645 2946 1656 2980; x_wconf 91' lang='lat'>;</span> <span class='ocrx_word' id='word_1_225' title='bbox 1687 2944 1771 2986; x_wconf 89' lang='lat' dir='ltr'>quo</span> 
     </span>
    </p>
   </div>
   <div class='ocr_carea' id='block_1_3' title="bbox 332 3019 1425 3078">
    <p class='ocr_par' dir='ltr' id='par_1_5' title="bbox 332 3019 1425 3078">
     <span class='ocr_line' id='line_1_31' title="bbox 332 3019 1425 3078; baseline -0.004 -14"><span class='ocrx_word' id='word_1_226' title='bbox 332 3024 434 3078; x_wconf 82' lang='lat' dir='ltr'>jure,</span> <span class='ocrx_word' id='word_1_227' title='bbox 458 3036 590 3077; x_wconf 85' lang='lat' dir='ltr'>quave</span> <span class='ocrx_word' id='word_1_228' title='bbox 607 3021 771 3076; x_wconf 86' lang='lat' dir='ltr'>injuria,</span> <span class='ocrx_word' id='word_1_229' title='bbox 794 3036 877 3062; x_wconf 93' lang='lat' dir='ltr'>non</span> <span class='ocrx_word' id='word_1_230' title='bbox 898 3030 960 3063; x_wconf 90' lang='lat' dir='ltr'>est</span> <span class='ocrx_word' id='word_1_231' title='bbox 980 3035 1118 3062; x_wconf 89' lang='lat' dir='ltr'>meum</span> <span class='ocrx_word' id='word_1_232' title='bbox 1138 3019 1425 3076; x_wconf 83' lang='lat' dir='ltr'>pronunciare.</span> 
     </span>
    </p>
   </div>
   <div class='ocr_carea' id='block_1_4' title="bbox 1899 0 1936 324">
    <p class='ocr_par' dir='ltr' id='par_1_6' title="bbox 1899 0 1936 324">
     <span class='ocr_line' id='line_1_32' title="bbox 1899 0 1936 324; baseline 0 2938"><span class='ocrx_word' id='word_1_233' title='bbox 1899 0 1936 324; x_wconf 95' lang='lat' dir='ltr'> </span> 
     </span>
    </p>
   </div>
  </div>
 </body>
</html>
