1936 3262
371 281 417 321 lii
738 293 850 322 vrrAE
875 293 1119 322 HOBBIANAE
1142 294 1417 323 Auc'rAnmm.

375 408 427 448 de
447 406 550 457 Deo,
583 406 832 458 hominibus,
870 407 1082 461 literisque
1117 409 1276 459 merito,
1309 405 1444 447 locum
1485 405 1595 447 inter
1632 404 1816 448 literatos

376 494 642 551 relinqueret.

437 589 464 610 “
483 584 773 626 Stomachatur
789 585 1056 627 nihilominus
1075 585 1325 636 Hobbesius‚
1346 602 1443 629 acre
1463 586 1723 634 solummodo
1752 591 1819 630 ’ἱπ-

376 679 558 731 9εηὶαῃῑ,
594 690 677 717 non
710 691 807 718 vero
841 679 1020 720 sobrium
1054 676 1131 732 ipsi
1165 677 1218 718 ab
1252 677 1411 718 editore
1444 678 1706 720 attributum.
1767 677 1818 719 In

381 765 479 807 facti
506 766 811 808 excusationem
842 782 927 808 non
957 767 1129 823 opponit
1159 766 1293 809 editor
1322 767 1502 819 illorum,
1536 769 1608 825 qui
1631 777 1705 810 aut
1724 783 1820 810 curn

383 857 472 912 ipso
506 856 716 913 scriptisve
749 857 837 913 ejus
866 856 1123 899 familiariter
1157 866 1386 907 versantur,
1427 858 1674 900 sententiam
1687 875 1698 910 3
1748 857 1821 900 sed

386 945 590 988 Hobbesii
610 946 736 1002 ipsius
755 946 936 1003 appellat
964 946 1104 997 fidem5
1128 946 1212 1003 qui,
1234 947 1277 987 in
1297 946 1437 989 libello
1458 950 1509 990 de
1533 950 1764 1004 Principiis
1783 955 1824 992 et

385 1039 720 1081 Ratiocimttz'one
743 1039 1075 1087 Geometrarum,
1102 1037 1192 1078 haec
1219 1037 1369 1079 habet:
1402 1040 1460 1081 In
1484 1053 1635 1094 mayno
1654 1041 1822 1101 quidem

378 1130 568 1183 periculo
595 1131 752 1169 versari
773 1130 888 1169 video
907 1131 1260 1170 existimationem
1291 1143 1441 1181 meam,
1467 1131 1541 1184 qui
1560 1144 1588 1170 a
1604 1131 1826 1183 qeometris

373 1217 476 1272 fere
508 1217 696 1258 omnibus
726 1218 935 1259 dissentio.
995 1219 1159 1260 Eorum
1192 1220 1317 1267 enim,
1351 1221 1424 1274 qm·
1455 1220 1507 1260 de
1534 1220 1680 1261 ‘iisdem
1706 1219 1827 1260 rebus

385 1320 542 1349 mecum
563 1307 731 1362 aliquid
748 1307 984 1356 ediderunt,
1004 1314 1082 1349 aut
1102 1309 1212 1349 solus
1232 1309 1398 1349 insanio
1417 1323 1502 1362 eqo,
1520 1314 1598 1350 aut
1614 1310 1725 1350 solus
1742 1321 1826 1350 mm

385 1397 579 1442 in.s·am'.o,·
614 1397 780 1438 tertium
800 1403 976 1446 nonest,
998 1399 1081 1439 nisi
1100 1399 1212 1452 quod
1239 1399 1347 1439 dicet
1366 1399 1490 1453 forte
1518 1399 1685 1454 aliquis,
1712 1401 1826 1440 ima-

387 1489 556 1528 mamus
587 1500 736 1528 omnes.
799 1485 842 1527 Si
874 1485 1054 1527 insanire
1081 1501 1178 1528 eum
1207 1487 1434 1544 contingat,
1471 1502 1556 1530 non
1582 1488 1637 1530 ab
1667 1487 1827 1530 editore

390 1575 544 1631 injuria
563 1574 670 1616 facta
689 1584 775 1626 est3
805 1575 838 1616 si
858 1575 928 1617 alii
949 1591 1091 1618 omnes
1108 1577 1262 1618 eruditi
1282 1586 1421 1620 mente
1436 1593 1510 1620 sua
1523 1578 1627 1620 moti
1645 1577 1827 1620 insanire

390 1666 509 1708 illum
549 1675 755 1716 censeant,
796 1681 880 1708 non
920 1676 983 1709 est
1021 1667 1135 1725 quod
1174 1667 1422 1710 furiosorum
1463 1668 1667 1710 sententia
1707 1667 1827 1709 illum

390 1765 566 1807 moveat,
599 1771 676 1798 nec
706 1766 904 1814 queratur
933 1758 1106 1814 reperiri
1132 1758 1343 1800 hominem
1378 1774 1523 1810 unum,
1555 1758 1628 1816 qui
1656 1757 1828 1800 demens

391 1847 547 1902 pariter
586 1862 680 1889 cum
722 1847 859 1898 fuerit,
910 1848 1120 1890 communi
1159 1848 1346 1890 omnium
1388 1847 1584 1905 suffragio
1623 1847 1827 1890 calculum

392 1935 601 1992 adjecerit.

452 2031 479 2052 “
490 2025 682 2068 Secundo
695 2026 738 2066 in
750 2025 840 2068 loco
853 2026 960 2068 male
971 2026 1098 2068 habet
1107 2026 1381 2078 Hobbesium,
1393 2027 1506 2084 quod
1518 2042 1613 2070 cum
1625 2029 1832 2072 Historia»

393 2121 571 2173 scriptor
617 2119 890 2160 Mersennum
935 2121 1071 2160 virum
1117 2121 1318 2173 optimum
1359 2121 1648 2174 appellaverit,
1695 2117 1830 2159 editor

395 2206 602 2263 malignus
641 2207 764 2249 verba
802 2207 878 2250 illa
917 2209 1077 2250 delevit.
1137 2206 1413 2263 Agnoscimus
1447 2206 1722 2258 Hobbesium‚
1756 2215 1830 2249 aut

394 2296 540 2338 saltem
559 2296 597 2338 J.
616 2295 670 2337 A.
690 2295 747 2338 sic
762 2310 858 2337 eum
870 2310 1033 2338 vocasse
1049 2314 1059 2347 ;
1090 2297 1162 2338 sed
1177 2297 1344 2354 quando
1365 2297 1534 2355 quidem
1552 2312 1629 2339 nec
1647 2297 1830 2339 historiae

396 2388 571 2444 scriptor
589 2402 666 2428 nec
688 2387 822 2428 editor
842 2402 1007 2438 novere,
1039 2387 1157 2430 albus
1176 2403 1230 2430 an
1250 2398 1339 2431 ater
1358 2388 1482 2431 homo
1496 2388 1621 2430 fuerit
1638 2387 1836 2430 Mersen-

396 2493 487 2528 nus,
510 2486 620 2519 certe
640 2477 796 2533 absque
816 2476 924 2518 illius
952 2476 1105 2533 injuria
1123 2478 1250 2520 verba
1269 2477 1340 2520 illa
1359 2478 1403 2519 in
1422 2478 1627 2535 impressis
1646 2477 1828 2520 defuere.

452 2571 481 2592 “
495 2565 653 2616 Tertio,
667 2566 816 2622 probat
826 2565 981 2608 librum
1001 2569 1070 2610 De
1092 2569 1189 2610 Cive
1207 2570 1327 2611 rebus
1347 2571 1648 2624 permiscenda}
1658 2567 1830 2610 minime

400 2663 563 2706 natum,
604 2655 702 2712 quia
740 2670 850 2698 anno
888 2659 996 2698 1642
1026 2656 1200 2712 prodiit:
1242 2658 1358 2714 quasi
1391 2657 1575 2709 Miltoni,
1617 2657 1826 2708 Aschami,

400 2745 633 2795 Goodwini,
669 2745 860 2788 seditiosa
879 2746 1031 2802 scripta
1053 2747 1176 2788 rebus
1199 2747 1493 2803 permiscendis
1511 2756 1608 2804 apta
1627 2756 1725 2789 nata
1742 2761 1826 2789 non

397 2835 492 2885 sint,
515 2834 613 2891 quia
631 2844 723 2890 post
742 2850 898 2877 annum
918 2836 1162 2892 praedictum
1182 2836 1304 2879 edita.
