1936 3262
577 241 647 274 DE
674 239 1002 274 VOCABUms.
1421 231 1476 273 21

82 363 407 431 ›¹4gquivocam,
444 362 710 410 relativam
749 370 836 411 aut
878 361 1157 410 absolutam
1204 376 1325 407 esse.
1395 361 1486 408 Est

87 427 103 487 {⁴
126 430 292 504 noque
332 438 428 487 alia
463 439 720 487 nominum
777 437 1030 487 distinctio
1068 437 1119 484 in
1161 442 1397 484 concreta
1436 445 1486 484 et

82 514 375 574 ζμῦείνασία,
417 514 504 563 sed
545 514 779 579 quoniam
815 514 1017 562 nomina
1063 513 1328 570 abstracta,
1378 522 1487 559 orta

93 597 212 640 sunt
256 607 286 639 a
322 590 678 656 propositione,
727 606 820 638 nec
861 598 1069 654 potuere
1108 588 1346 638 constitui
1384 587 1488 634 sine

74 667 350 732 supposita
372 657 713 725 affirmatione,
740 666 800 714 de
824 667 882 714 iis
903 662 1148 714 dicemus*
1175 681 1263 712 suo
1286 664 1413 712 loco.

95 893 213 943 dum
236 901 328 953 est,
360 910 541 942 nomen
567 910 668 942 non
692 894 764 941 ita
786 893 837 941 in
859 892 1172 957 philosophia
1195 891 1336 951 sumi,
1363 891 1492 939 sicut

93 969 146 1018 in
190 970 529 1034 grammatica,
575 979 632 1018 ut
676 987 831 1018 unum
875 984 1058 1017 nomen
1099 968 1179 1027 sit,
1223 967 1356 1032 quod
1392 983 1493 1015 una

66 1075 67 1078 =
94 1053 292 1096 constat
313 1062 451 1110 voce,
476 1046 564 1094 sed
587 1046 722 1110 quod
756 1045 901 1094 simul
937 1053 1189 1108 sumptum
1221 1059 1404 1092 nomen
1428 1043 1493 1091 sit

93 1123 240 1172 unius
275 1123 364 1172 rei.
447 1123 577 1170 Nam
604 1121 910 1186 philosophis
950 1129 1113 1169 totum
1152 1120 1264 1180 hoc,
1307 1136 1493 1184 corpus

93 1198 364 1247 animatum
401 1199 622 1246 sentiens
662 1214 816 1245 unum
851 1213 1033 1245 nomen
1071 1205 1162 1254 est,
1202 1196 1317 1259 quia
1346 1195 1492 1243 unius

62 1339 63 1343 Ἰ
93 1275 183 1335 rei,
247 1275 482 1324 nimirum
539 1274 1024 1338 uniuscujuscunque
1082 1271 1322 1331 animalis,
1384 1287 1492 1334 quae

95 1359 263 1400 tamen
298 1349 634 1415 grammaticis
675 1349 771 1397 tria
812 1357 929 1411 sunt
963 1348 1180 1396 nomina.
1266 1346 1492 1411 Simplex

95 1444 126 1476 a
166 1427 440 1492 composito
487 1442 589 1474 non
631 1425 954 1488 distinguitur
994 1431 1052 1471 ut
1087 1424 1137 1471 in
1169 1423 1494 1486 grammatica

87 1519 190 1568 per
205 1501 635 1566 praepositionem.
707 1499 934 1563 Simplex
958 1515 1141 1547 nomen
1175 1498 1257 1546 hic
1282 1499 1492 1562 appello,

95 1577 230 1642 quod
264 1577 317 1626 in
355 1592 654 1640 unoquoque
690 1591 873 1639 genere
901 1574 1357 1623 communissimum
1394 1574 1496 1621 sive

93 1652 564 1703 universalissimum
624 1659 715 1700 est.
808 1651 1150 1715 Compositum
1191 1667 1309 1699 vero
1362 1650 1495 1713 quod

93 1746 184 1796 per
205 1729 496 1794 adjunctum
535 1728 669 1777 aliud
700 1744 882 1776 nomen
919 1728 978 1775 fit
1008 1727 1171 1775 minus
1202 1726 1495 1785 universale,

94 1807 439 1872 significatque
473 1805 640 1870 plures
674 1812 944 1868 conceptus
984 1804 1207 1852 extitisse
1244 1803 1297 1851 in
1329 1803 1494 1851 animo

92 1883 298 1948 propter
321 1898 445 1946 quos
481 1881 684 1929 nomina
716 1881 800 1928 illa
836 1880 1116 1944 posteriora
1152 1879 1324 1927 addita
1362 1886 1496 1927 sunt.

94 1958 322 2024 Exempli
368 1974 531 2017 eausa,
578 1958 631 2005 in
679 1953 926 2020 conceptu
982 1956 1197 2004 hominis
1246 1955 1397 2018 (sicut
1443 1956 1496 2004 in

95 2035 348 2101 superiore
372 2035 534 2099 capite
569 2034 844 2082 indicatum
873 2033 969 2096 est)
1005 2025 1194 2096 primus
1226 2040 1496 2095 conceptus

96 2119 188 2171 est,
213 2127 326 2160 eum
349 2110 536 2174 aliquid
567 2126 672 2158 esse
712 2117 987 2167 extensum,
1033 2108 1112 2156 cui
1149 2107 1222 2155 rei
1262 2107 1497 2156 notandae

95 2186 372 2236 adhibitum
431 2195 509 2235 est
566 2201 749 2234 nomen
807 2182 1034 2249 'corpus;
1091 2184 1259 2247 itaque
1312 2201 1498 2248 corpu-3

60 2287 61 2291 ¹
96 2256 174 2312 est
195 2279 377 2312 nomen
401 2262 607 2326 simplex
630 2261 849 2325 positum
887 2260 1076 2308 scilicet
1110 2276 1201 2324 pro
1225 2259 1373 2308 unico
1412 2260 1497 2308 illo

94 2339 255 2404 primo
290 2346 550 2403 conceptu,
590 2337 768 2386 deinde
806 2353 919 2384 cum
959 2336 1103 2384 video
1147 2335 1281 2384 illam
1311 2336 1499 2384 moveri

63 2475 66 2477 ‚
97 2415 186 2464 tali
207 2415 373 2475 modo,
407 2414 531 2463 alius
556 2413 777 2462 nascitur
802 2420 1087 2476 conceptus,
1121 2420 1327 2476 propter
1352 2428 1498 2475 quem

55 2494 57 2497 ’
96 2491 381 2540 nominatur
428 2507 614 2555 corpus
660 2489 948 2548 animatum,
1005 2488 1138 2551 quod
1188 2505 1360 2536 nomen
1415 2488 1497 2536 hic

62 2577 72 2585 “
97 2567 418 2632 compositum
465 2565 686 2631 appello,
730 2565 859 2613 sicut
897 2565 1047 2612 etiam
1088 2581 1270 2612 nomen
1309 2564 1501 2612 animal

97 2641 232 2708 quod
264 2642 471 2706 corpori
512 2641 733 2689 animato
776 2641 1052 2704 aequivalet.
1123 2640 1311 2689 Eodem
1348 2640 1496 2689 modo

56 2758 63 2783 7
97 2735 283 2784 corpus»⁸
343 2717 610 2766 animatum
665 2716 920 2765 rationale
965 2716 1156 2780 ipsique
1201 2717 1498 2780 aequivalens

627 2857 650 2879 ’ἥ
681 2851 777 2903 Cap.
796 2855 834 2897 3,
854 2857 924 2889 art.
944 2855 982 2890 4.

1544 373 1659 406 PARS
1688 373 1717 405 Ι.

166 749 241 792 14.
280 743 431 791 Sexto
472 742 675 790 nomina
710 742 807 790 alia
847 741 1119 806 simplicia,
1160 740 1256 788 alia
1293 756 1488 803 compo·
1506 748 1686 832 gssssffiet

94 817 198 867 sita
223 818 325 867 sive
349 819 616 882 conjuncta
631 825 761 866 sunt.
822 817 1068 881 Imprimis
1093 824 1260 864 autem
1284 831 1489 863 monen-
1506 835 1728 876 compositum.
