1936 3262
516 303 782 338 EPISTOLA
809 303 1206 338 DEDICATORIA.

40 412 50 471 J
127 423 389 488 ⁴physicam
427 439 544 472 vero
590 424 793 472 humani
835 426 1053 489 corporis
1095 425 1356 489 specialem
1397 426 1594 490 ingenia

40 547 42 550 ·
126 532 191 572 ct·
234 524 478 573 industria
516 525 838 585 medicorum,
885 526 938 574 id
968 526 1060 585 est,
1101 542 1218 574 vero
1261 527 1592 590 physicorum,

128 626 429 689 *praesertim*
453 641 571 674 vero
617 633 901 674 nostrorum
947 644 973 674 e
1018 627 1236 691 Collegio
1295 627 1595 675 Londinensi

136 726 531 775 doctissimorum
570 727 843 785 hominum,
886 743 976 791 pro
1012 734 1115 775 tam
1153 727 1331 791 exiguo
1373 734 1595 791 tempore

135 827 334 892 egregie
356 836 725 891 promoverunt.
798 828 1005 892 Physica
1034 845 1152 892 ergo
1183 845 1261 876 res
1292 829 1482 878 novitia
1506 838 1593 878 est.

138 927 238 976 Sed
269 918 579 991 philosophia
601 928 757 977 civilis
781 930 938 978 multo
975 929 1135 978 adhuc
1171 930 1357 994 magis3
1394 938 1451 978 ut
1486 945 1597 994 quae

135 1029 386 1093 antiquior
424 1046 525 1078 non
567 1030 632 1078 sit
673 1031 805 1092 (dico
847 1031 1119 1090 lacessitus,
1159 1038 1313 1094 utque
1352 1031 1511 1079 sciant
1546 1047 1597 1079 se

136 1145 312 1194 parum
346 1130 614 1194 profecisse
651 1132 1009 1179 obtrectatores
1042 1132 1159 1194 mei)
1184 1132 1311 1180 libro
1345 1148 1494 1195 quem
1516 1131 1599 1179 De

142 1230 261 1280 Cive
283 1231 389 1295 ipse
412 1232 605 1296 scripsi..
672 1232 807 1281 Quid
829 1233 1029 1280 autem?
1100 1233 1300 1281 Nulline
1325 1242 1468 1282 erant
1489 1233 1599 1297 phi-

138 1333 330 1396 losophi
363 1333 496 1397 apud
518 1333 716 1382 Graecos
751 1333 998 1397 antiquos,
1035 1350 1195 1397 neque
1224 1335 1416 1398 physici
1438 1351 1599 1398 neque

139 1435 346 1484 civiles?
422 1437 576 1484 Fuere
622 1444 757 1484 certe
804 1436 889 1499 qui
916 1436 1000 1484 ‘sic
1042 1436 1432 1500 appellabantur,
1474 1443 1601 1485 teste

141 1535 375 1595 Luciano,
407 1553 439 1584 a
461 1553 560 1600 quo
591 1536 752 1591 irrisi;
790 1535 999 1584 testibus
1022 1536 1272 1584 nonnullis
1303 1537 1600 1596 civitatibus,

138 1636 272 1685 unde
307 1637 482 1686 edictis
515 1637 727 1701 publicis
751 1638 929 1701 saepius
953 1645 1069 1686 sunt
1091 1639 1298 1702 expulsi.
1371 1638 1469 1686 Sed
1499 1654 1602 1686 non

141 1738 206 1786 ob
245 1754 353 1786 eam
381 1754 488 1786 rem
527 1754 728 1787 necesse
758 1746 836 1787 est
857 1739 1010 1787 fuisse
1033 1739 1410 1803 philosophiam.
1479 1740 1602 1787 Ver-

141 1839 342 1887 sabatur
398 1839 450 1887 in
496 1839 701 1903 antiqua
753 1840 942 1888 Graecia
998 1840 1292 1903 phantasma
1337 1842 1601 1905 quoddam,

139 1947 343 2005 propter
379 1941 691 2005 superficiem
734 1941 988 2005 gravitatis
1039 1943 1175 2004 (nam
1224 1943 1356 1991 intus
1403 1945 1604 2008 plenum

143 2050 251 2091 erat
294 2043 468 2092 fraude
515 2051 564 2091 et
610 2043 857 2105 sordibus)
918 2044 1241 2108 philosophiae
1294 2045 1604 2108 aliquatenus

143 2143 315 2203 simile,
362 2160 511 2208 quam
563 2144 750 2192 incauti
805 2144 1027 2192 homines
1082 2144 1441 2208 philosophiam
1498 2162 1605 2194 esse

143 2245 384 2305 arbitrati,
407 2245 763 2310 professoribus
788 2246 908 2309 ejuS,
934 2245 1027 2292 etsi
1050 2245 1182 2292 inter
1205 2262 1256 2293 se
1282 2245 1603 2306 discordibus,

145 2346 229 2394 alii
247 2346 356 2395 aliis
380 2347 800 2406 adhaerescebant,
829 2347 987 2409 iisque
1006 2346 1071 2394 ad
1102 2347 1391 2410 sapientiam
1427 2348 1605 2410 magis-

145 2447 235 2495 tris
271 2447 536 2497 tradebant
564 2449 745 2497 liberos
783 2464 896 2496 suos
921 2448 1112 2512 magnis
1143 2448 1452 2496 mercedibus
1483 2449 1606 2496 nihil

147 2548 394 2597 docendos
415 2557 745 2613 praeterquam
769 2550 1035 2613 disputare,
1060 2550 1394 2614 neglectisque
1416 2550 1607 2614 legibus

150 2649 212 2697 de
236 2649 370 2697 omni
390 2651 661 2713 quaestione
685 2667 774 2699 suo
795 2667 1038 2714 quemque
1064 2651 1266 2698 arbitrio
1291 2651 1606 2699 constituere.

151 2750 271 2798 Nati
307 2750 402 2798 illis
438 2752 743 2815 temporibus
776 2752 1010 2801 Ecclesiae
1047 2760 1160 2816 post
1196 2753 1458 2816 Apostolos
1492 2753 1608 2801 doc-

148 2859 285 2909 tores
322 2851 483 2915 primi,
521 2852 638 2901 dum
675 2852 823 2900 fidem
861 2853 1190 2902 Christianam
1228 2861 1401 2903 contra
1436 2862 1608 2919 gentes
