1936 3262
209 403 321 434 PARS
340 403 407 434 111.

282 447 330 476 16.

176 538 209 569 Si
225 539 339 570 mobile
354 541 436 570 fera-

174 586 226 612 tur
240 592 258 612 a
273 583 394 613 duobus

176 625 284 664 timul,
300 632 358 656 etc.

453 280 548 322 200
771 290 840 324 DE
868 290 1201 324 RATIONlssUs
1226 291 1484 326 MOTUUM.

452 399 610 447 minus
623 410 937 463 promovetur
951 401 1128 449 mobile
1143 402 1202 449 ab
1223 403 1266 449 A
1282 403 1321 449 B
1341 418 1508 450 versus
1533 402 1571 450 C
1586 403 1646 462 D,
1670 416 1814 467 quam

453 474 494 522 si
537 482 743 538 uterque
789 484 949 524 motus
996 484 1123 523 esset
1167 477 1434 524 uniformis.
1523 476 1669 526 Quod
1711 486 1816 526 erat

452 549 897 598 demonstrandum.

525 630 598 672 13.
645 625 772 672 Data
816 624 1121 688 longitudine
1164 641 1394 688 percursa
1439 626 1554 674 dato
1599 634 1816 690 tempore

454 707 591 746 motu
614 700 858 759 uniformi,
882 701 1237 764 longitudinem
1255 701 1472 748 invenire
1492 717 1600 764 quae
1621 716 1817 764 percur-

454 782 590 820 retur
610 775 780 822 eodem
800 783 1018 837 tempore
1046 784 1183 822 motu
1199 775 1506 823 uniformiter
1531 775 1816 835 accelerato,

455 848 506 895 id
529 858 617 906 est,
638 849 708 896 ita
728 857 785 897 ut
815 850 1145 912 longitudines
1176 866 1418 913 percursae
1447 851 1545 898 sint
1565 850 1746 914 ubique
1766 850 1818 898 in

455 923 644 970 ratione
683 932 956 986 temporum
1003 924 1262 987 duplicata,
1308 933 1356 972 et
1402 926 1610 988 impetus
1648 925 1820 973 ultimo
1871 926 1881 928 ”

456 998 721 1060 acquisitus
745 999 942 1061 aequalis
967 999 1029 1046 sit
1053 999 1275 1062 tempori.

526 1074 600 1120 Sit
629 1074 700 1134 (in
738 1075 895 1137 figura
919 1075 968 1135 8)
1005 1074 1260 1137 longitudo
1292 1073 1391 1121 AB
1426 1089 1656 1136 percursa
1685 1082 1822 1122 motu

455 1148 702 1203 uniformi,
756 1156 973 1211 tempore
1019 1149 1063 1195 A
1088 1149 1126 1196 C
1147 1170 1159 1203 ;
1189 1183 1191 1186 v
1218 1156 1413 1211 oportet
1467 1148 1822 1211 longitudinem
1873 1174 1876 1176 v

457 1223 601 1269 aliam
623 1222 856 1281 invenire,
882 1239 990 1286 quae
1017 1232 1330 1286 percurratur
1356 1232 1495 1271 motu
1517 1223 1825 1272 uniformiter

458 1298 744 1356 accelerato,
771 1298 941 1345 eodem
965 1306 1199 1361 tempore,
1223 1299 1293 1346 ita
1323 1305 1380 1346 ut
1411 1299 1621 1362 impetus
1651 1298 1823 1346 ultimo
1881 1325 1902 1338 ’κ

458 1372 724 1435 acquisitus
748 1373 944 1435 aequalis
970 1374 1032 1421 sit
1055 1382 1202 1421 rectae
1225 1374 1269 1421 A
1284 1374 1336 1421 C.

526 1447 837 1510 Compleatur
854 1449 1357 1512 parallelogrammum
1379 1449 1424 1496 A
1439 1449 1478 1495 B
1492 1449 1536 1496 D
1552 1449 1606 1508 C,
1631 1456 1681 1496 et
1704 1447 1823 1496 divi-

461 1522 604 1569 datur
625 1522 664 1569 B
679 1522 723 1569 D
744 1522 965 1570 bifariam
984 1524 1034 1570 in
1055 1523 1110 1581 E,
1131 1531 1180 1571 et
1198 1524 1327 1571 inter
1347 1523 1386 1570 B
1401 1524 1456 1582 Ε,
1483 1524 1522 1571 Β
1538 1524 1581 1571 D
1608 1537 1826 1571 sumatur
1895 1577 1898 1579 Α

459 1597 620 1644 media
654 1597 1031 1660 proportionalis
1074 1599 1114 1645 B
1130 1599 1181 1657 F,
1220 1598 1464 1661 ductaque
1504 1598 1548 1644 A
1566 1597 1602 1644 F
1644 1597 1826 1661 produ·
1887 1600 1905 1610 ⁵

461 1679 600 1719 catur
623 1672 686 1719 ad
709 1688 965 1719 occursum
998 1674 1093 1720 CD
1124 1674 1376 1736 productae
1411 1673 1461 1720 in
1495 1673 1551 1731 G,
1586 1673 1826 1736 complea-
1872 1735 1876 1737 Β

459 1754 633 1809 turque
673 1747 1176 1810 parallelogrammum
1215 1749 1260 1795 A
1281 1749 1318 1796 C
1338 1748 1379 1796 G
1400 1747 1464 1795 H.
1551 1748 1672 1796 Dico
1712 1749 1757 1795 A
1776 1748 1824 1795 H

460 1836 564 1868 esse
587 1821 944 1884 longitudinem
968 1824 1236 1885 quaesitam.

525 1896 631 1943 Fiat
655 1896 783 1943 enim
806 1906 861 1944 ut
884 1898 1008 1945 ratio
1034 1899 1279 1961 duplicata
1301 1898 1363 1945 ad
1386 1898 1626 1946 rationem
1645 1897 1825 1960 simpli-

461 1987 580 2029 cem,
606 1971 676 2018 ita
715 1971 759 2017 A
776 1971 823 2017 H
860 1972 922 2019 ad
950 1973 1108 2031 aliam,
1144 1974 1186 2020 A
1204 1974 1255 2028 I;
1292 1973 1481 2036 eritque
1511 1973 1593 2020 AI
1617 1972 1827 2020 semissis

458 2045 503 2092 A
521 2045 598 2098 H3
635 2045 937 2108 ducaturque
962 2047 1044 2094 IK
1069 2047 1300 2110 parallela
1333 2057 1481 2095 rectae
1514 2047 1559 2094 A
1575 2047 1628 2106 C,
1659 2062 1827 2095 secans
1891 2067 1897 2074 ·

461 2120 766 2183 diagonalem
798 2121 900 2168 AD
933 2122 984 2168 in
1018 2123 1063 2169 K
1088 2130 1138 2169 et
1160 2129 1346 2169 rectam
1368 2121 1469 2169 AG
1495 2121 1546 2168 in
1570 2122 1623 2169 L.
1694 2121 1828 2170 Quo-

460 2195 591 2242 niam
615 2208 731 2258 ergo
766 2195 848 2242 AI
884 2204 958 2243 est
992 2197 1201 2244 semissis
1235 2196 1360 2255 AH,
1397 2195 1489 2243 erit
1524 2211 1715 2258 quoque
1750 2195 1829 2242 IL

463 2269 673 2316 semissis
706 2270 821 2328 BD,
854 2270 905 2317 id
938 2279 1027 2329 est,
1066 2270 1263 2334 aequalis
1297 2270 1407 2328 BE,
1439 2277 1488 2317 et
1521 2270 1605 2317 IK
1629 2269 1827 2333 aequalis
1901 2301 1912 2331 ·.

462 2345 569 2391 BF.
657 2344 779 2392 Cum
803 2345 931 2392 enim
952 2345 990 2392 B
1007 2346 1066 2404 D,
1092 2346 1143 2393 id
1166 2353 1240 2393 est
1263 2345 1386 2401 GH,
1412 2345 1519 2403 BF,
1546 2345 1655 2403 BE,
1680 2344 1731 2392 id
1754 2351 1828 2392 est
1902 2356 1915 2362 “

462 2420 555 2478 IL,
598 2419 696 2466 sint
738 2420 967 2467 continue
1003 2420 1408 2483 proportionales,
1451 2428 1595 2467 erunt
1636 2435 1828 2483 quoque

462 2494 585 2552 AH,
622 2494 737 2550 AB,
777 2495 858 2541 AI
902 2496 1131 2542 continue
1166 2495 1568 2558 proportionales.
1641 2494 1737 2542 Sed
1772 2501 1828 2542 ut
1895 2542 1902 2546 Δ

461 2569 561 2616 ΑΒ
586 2569 648 2616 ad
671 2570 770 2626 AI,
803 2569 897 2616 hoc
929 2578 1018 2628 est,
1051 2579 1107 2617 ut
1143 2570 1252 2616 AH
1283 2570 1346 2617 ad
1380 2570 1496 2628 AB,
1521 2570 1591 2617 ita
1628 2569 1730 2616 BD
1765 2568 1828 2616 ad

464 2645 564 2702 IK,
598 2651 648 2691 et
685 2645 755 2691 ita
783 2645 930 2692 etiam
966 2645 1007 2692 G
1028 2646 1093 2703 H,
1127 2645 1178 2692 id
1210 2653 1284 2692 est
1323 2645 1437 2704 BD,
1462 2645 1524 2692 ad
1549 2645 1589 2692 B
1609 2645 1678 2700 F;
1714 2651 1829 2692 sunt

462 2735 578 2781 ergo
616 2719 655 2766 B
675 2720 727 2777 F,
766 2720 849 2766 IK
889 2719 1111 2782 aequales.
1179 2720 1288 2766 Jam
1324 2720 1449 2766 ratio
1490 2720 1535 2766 A
1555 2719 1602 2766 H
1645 2719 1708 2766 ad
1745 2718 1826 2766 AI

462 2794 708 2856 duplicata
731 2802 805 2841 est
828 2795 1029 2841 rationis
1053 2794 1097 2840 A
1119 2794 1157 2840 B
1183 2794 1246 2841 ad
1268 2794 1310 2840 A
1331 2795 1369 2852 Ι,
1393 2794 1487 2842 hoc
1512 2803 1600 2853 est,
1626 2793 1827 2841 rationis

464 2869 504 2915 B
523 2869 567 2916 D
592 2869 654 2916 ad
686 2870 706 2916 I
727 2870 788 2927 K,
813 2870 912 2917 sive
937 2869 977 2916 G
995 2869 1041 2916 H
1068 2869 1130 2917 ad
1165 2869 1183 2915 1
1206 2870 1279 2924 K;
1315 2869 1408 2916 erit
1445 2885 1561 2932 ergo
1593 2876 1827 2931 punctum
