1936 3262
581 264 652 298 DE
679 261 967 296 ME‘rHon0.
1403 248 1465 299 79

87 387 95 443 j
175 376 216 426 ’s
262 375 405 440 quasi
451 374 758 438 flagellatum
799 388 850 421 se
893 379 1196 421 convertere.
1280 372 1464 424 Demus

91 453 121 520 ᾗ.
145 468 216 501 m
247 451 360 510 hoc,
397 449 666 499 concludet
708 464 826 512 ergo
850 447 1127 496 necessario
1151 455 1337 495 terram
1359 464 1465 496 mo-

62 579 74 594 „·
90 539 121 579 j»
154 528 187 578 i.
255 527 617 591 Paralogismus
641 534 814 573 tamen
839 532 944 580 est3
979 540 1096 572 nam
1120 523 1162 571 si
1184 531 1362 572 ventus
1381 523 1463 572 ille

84 597 119 667 j]
134 615 135 618 ’
167 625 202 647 ;;
235 603 332 652 fuit
355 618 506 667 quare
531 610 667 650 terra
689 601 751 649 ab
774 601 918 648 initio
943 600 1377 663 circumageretur,
1413 607 1463 648 et

80 671 234 749 [stus
255 679 336 728 vel
359 678 491 738 solis,
526 678 605 727 vel
628 685 776 725 terrae
799 676 950 725 fuerit
975 692 1122 725 causa
1154 676 1284 724 illius
1306 676 1459 735 venti,

95 814 98 819 ,
136 762 181 804 t
201 762 368 804 motus
390 754 469 803 vel
493 754 609 802 solis
635 754 714 802 vel
737 761 884 801 terrae
907 760 1024 801 ante
1047 753 1208 817 ipsum
1230 759 1462 807 ventum;

49 847 53 852 ·
113 840 117 849 ’
131 839 251 881 ante
273 838 478 880 ventum
496 838 672 878 natum
690 837 825 878 terra
837 837 974 877 mota
994 836 1139 888 esset,
1160 836 1268 877 tum
1283 835 1462 876 ventus

84 907 98 960 ’ἦ
120 929 140 942 2·
173 906 497 956 revolutionis
529 914 677 954 terrae
710 921 858 954 causa
888 921 993 953 esse
1027 921 1129 953 non
1163 904 1357 968 potuit;
1389 904 1466 952 sin

99 1002 137 1027 ⁴:
150 990 237 1032 nte
260 990 410 1042 terra,
434 989 600 1031 motus
625 989 733 1030 erat
756 981 844 1041 sol,
871 981 1190 1029 manifestum
1213 987 1288 1028 est
1311 988 1464 1029 vento

0 1067 1 1073 ’
52 1093 55 1096 -
181 1058 426 1108 existente
449 1065 634 1106 terram
655 1057 875 1121 potuisse
897 1072 1000 1105 non
1023 1056 1239 1112 moveri;
1264 1072 1366 1104 11011
1391 1063 1468 1104 est

137 1151 196 1195 o
220 1141 385 1183 motus
408 1134 539 1182 illius
563 1150 712 1182 causa
745 1133 829 1181 illa
853 1149 999 1197 quam
1022 1133 1296 1196 proposuit.
1369 1130 1468 1180 Sed

3 1230 5 1235 ’
86 1219 96 1267 j
109 1211 222 1275 ujus
245 1209 441 1274 generis
476 1209 529 1258 in
564 1209 887 1273 scriptoribus
912 1209 1128 1273 physicis
1151 1207 1468 1272 paralogismi

144 1285 256 1334 sim
297 1292 566 1334 occurrunt
605 1284 853 1348 permulti,
889 1300 1187 1348 quamquam
1224 1285 1322 1332 hoc
1358 1285 1467 1348 ipso

76 1367 83 1375 ”
142 1376 221 1410 6111
243 1360 426 1409 adduxi
459 1360 512 1408 in
547 1360 825 1424 exemplum
849 1360 1146 1409 elaboratior
1171 1377 1278 1409 esse
1304 1359 1467 1409 nullus

71 1446 79 1452 ‘⁷
120 1458 131 1479 ο
141 1443 258 1486 test.

79 1738 272 1793 {ouaesiti
295 1746 533 1802 tanquam
553 1738 674 1797 veri,
694 1738 1040 1787 ratiocinando
1064 1740 1293 1789 incidunt
1315 1741 1394 1788 vel
1417 1741 1469 1789 in

94 1811 281 1880 gnita
317 1829 377 1862 ex
419 1813 595 1878 quibus
625 1814 820 1878 quaesiti
843 1815 1105 1863 veritatem
1129 1816 1470 1865 demonstrare

79 1916 83 1963 ᾗ
95 1919 99 1948 ;
123 1897 302 1950 ssunt,
347 1890 428 1938 vel
472 1889 526 1938 in
570 1889 892 1953 impossibilia
938 1907 1000 1939 ex
1041 1891 1218 1956 quibus
1260 1892 1470 1956 intelligi

82 1989 101 2036 j.
124 1973 246 2015 ·test
267 1964 320 2014 id
343 1965 477 2029 quod
500 1965 794 2028 supponitur
818 1982 924 2014 esse
943 1967 1135 2016 falsum.
1205 1968 1389 2016 Verum
1413 1985 1471 2017 ea

79 2053 114 2102 g-
142 2064 154 2086 2
181 2042 278 2091 hoc
299 2041 411 2090 loco
435 2040 669 2105 explicari
692 2057 794 2089 non
812 2049 996 2105 potest.
1057 2043 1208 2107 Cujus
1230 2044 1303 2091 rei
1324 2061 1471 2093 causa

76 2163 78 2165 .
95 2125 173 2189 t,
197 2117 334 2182 quod
354 2116 618 2165 methodus
641 2117 726 2165 illa
747 2117 843 2165 nisi
866 2118 927 2166 ab
947 2118 1007 2166 iis
1027 2118 1112 2182 qui
1130 2119 1180 2167 in
1199 2120 1472 2183 geometria

82 2193 264 2244 ··rsati
282 2199 414 2252 sunt,
439 2208 601 2256 neque
616 2193 851 2250 exerceri,
866 2209 1028 2257 neque
1045 2194 1255 2258 intelligi
1273 2202 1440 2258 potest
1456 2217 1468 2252 ;

85 2293 123 2333 3
140 2269 200 2318 is
222 2276 392 2318 autem
413 2268 681 2333 geometris
718 2277 906 2332 quanto
943 2270 1150 2333 quisque
1181 2271 1324 2334 plura
1345 2287 1472 2335 prae-

92 2345 396 2413 „ntioraque
429 2344 582 2392 habet
616 2344 941 2404 theoremata,
975 2352 1117 2393 tanto
1141 2347 1298 2410 magis
1322 2347 1471 2411 logis-

95 2421 120 2489 Α·
161 2443 168 2465 =
214 2420 290 2469 uti
323 2427 506 2484 potest,
533 2419 656 2468 adeo
679 2427 738 2468 ut
761 2421 823 2469 ab
847 2421 955 2484 ipsa
976 2423 1250 2485 geometria
1272 2423 1471 2472 realiter

13 2491 17 2496 ’
92 2491 320 2562 ‘ff'tincta
350 2512 453 2545 non
486 2496 579 2552 sit3
615 2496 767 2544 habet
803 2497 931 2545 enim
973 2514 1031 2545 ea
1067 2499 1329 2547 methodus
1369 2507 1470 2549 tres

13 2577 18 2641 f
129 2596 133 2612 2
197 2588 266 2632 eS,
282 2587 490 2636 quarum
502 2572 663 2636 prima
680 2580 755 2621 est
774 2573 905 2621 inter
928 2573 1183 2638 incognita
1202 2584 1253 2623 et
1273 2576 1472 2639 cognita

9 2663 21 2750 l
101 2670 123 2705 >f
136 2647 304 2698 ventio
350 2647 660 2712 aequalitatis,
703 2665 850 2713 quam
889 2657 1071 2698 vocant
1112 2651 1468 2715 aequationem3

20 2766 27 2775 ,
94 2723 299 2780 „quatio
332 2731 499 2772 autem
529 2723 614 2772 illa
635 2725 845 2773 inveniri
877 2740 981 2773 non
1014 2733 1183 2790 potest
1205 2727 1301 2775 nisi
1324 2728 1385 2776 ab
1409 2728 1470 2778 iis

15 2808 21 2837 ῑ
90 2807 141 2872 [αι
155 2799 168 2810 “
192 2799 526 2865 proportionis
549 2808 777 2850 naturam
799 2802 1128 2866 proprietates
1162 2810 1214 2851 et
1247 2811 1470 2868 transpo-

1510 374 1627 407 PARS
1652 374 1679 406 Ι.

146 1517 223 1561 19.
257 1511 429 1560 Videri
463 1511 611 1559 alicui
633 1518 800 1575 potest
834 1511 898 1560 ad
931 1512 1068 1560 hunc
1091 1513 1257 1561 locum
1281 1512 1342 1561 de
1365 1528 1468 1560 me-
1484 1513 1719 1599 gssffssffiffmm

85 1646 87 1650 ι
113 1587 231 1636 0ᾱο
269 1586 518 1652 pertinere
553 1594 711 1635 artem
746 1587 880 1635 illam
917 1596 1284 1652 geometrarum
1320 1605 1467 1652 quam
1486 1612 1582 1643 quare
1596 1602 1658 1633 hoc

1485 1645 1556 1677 loco
1570 1644 1697 1676 tractari

3 1669 6 1672 ’
77 1688 97 1694 *⁴
108 1670 258 1714 ocant
279 1662 574 1726 logisticam,
598 1662 651 1710 id
674 1670 765 1722 est,
788 1679 878 1726 per
903 1679 1050 1726 quam
1074 1681 1104 1711 a
1129 1664 1468 1728 suppositione
1486 1700 1551 1721 no„
1565 1693 1681 1730 Potest,
