1936 3262
514 535 656 600 AD
731 534 1315 600 LECTOREM

672 780 1157 831 PRAELOQUIUM.

187 1308 431 1360 Vmomnu,
475 1308 631 1351 virtute
670 1308 947 1366 doctrinaque
987 1307 1226 1359 illustrium,
1277 1307 1510 1351 institutam
1550 1308 1649 1351 vitae

187 1402 394 1445 rationem
433 1401 609 1459 posteris
649 1401 922 1451 innotescere,
965 1401 1026 1443 rei
1060 1400 1259 1443 literariae
1305 1410 1433 1458 atque
1467 1400 1650 1457 publicae

186 1492 417 1551 plurimum
447 1492 634 1534 interest.
697 1490 844 1540 Quare
863 1491 1022 1548 optime
1042 1491 1096 1533 de
1115 1491 1302 1533 humano
1333 1506 1488 1548 genere
1507 1506 1648 1534 meru-

186 1585 266 1628 isse
284 1583 483 1628 censendi
509 1593 621 1635 sunt,
656 1584 730 1641 qui
750 1584 1023 1641 antiquorum
1044 1583 1149 1626 vitas
1170 1583 1334 1640 scriptis
1355 1583 1649 1637 tradiderunt}

186 1691 313 1735 quam
353 1675 526 1735 quidem
564 1676 824 1734 provinciam
863 1676 1014 1719 obiisse
1054 1686 1214 1718 veteres
1250 1675 1324 1727 illi,
1367 1676 1516 1733 majori
1551 1691 1648 1718 cum

185 1767 372 1810 veritatis
391 1767 530 1810 studio
550 1777 594 1810 et
612 1767 697 1810 fide
718 1767 903 1818 meliore,
939 1783 1066 1825 quam
1088 1768 1131 1808 in
1153 1767 1427 1810 contexendis
1454 1768 1645 1810 divorum

185 1859 368 1902 historiis
403 1859 624 1917 scriptores
659 1858 935 1909 ecclesiastici,
978 1859 1091 1901 haud
1124 1859 1278 1916 iniquis
1305 1874 1447 1901 rerum
1480 1859 1649 1902 arbitris

127 1965 129 1969 ’
180 1950 279 2007 jure
314 1950 549 1994 videantur.
613 1950 852 1993 Multifaria
894 1965 1017 2007 porro
1058 1950 1309 2007 scriptorum
1351 1952 1476 1994 turba
1520 1952 1649 2008 (inter

189 2056 294 2099 quos
343 2041 536 2084 nonnulli
567 2040 674 2084 'satis
715 2042 910 2096 feliciter)
964 2042 1207 2084 recentioris
1253 2042 1331 2084 aevi
1381 2040 1646 2085 literatorum

188 2133 435 2176 memoriam
456 2133 689 2191 posteritati
710 2132 1032 2176 commendavit.

249 2315 368 2360 Inter
387 2331 550 2359 summa
569 2325 711 2358 autem
733 2316 1001 2358 scientiarum
1023 2316 1183 2358 lumina
1204 2325 1246 2358 et
1266 2324 1526 2365 ornamenta,
1552 2329 1648 2371 quae

189 2407 390 2450 saeculum
424 2407 504 2450 hoc
536 2422 788 2465 magnorum
824 2407 1093 2464 ingeniorum
1126 2407 1426 2449 feracissimum
1447 2407 1489 2448 in
1511 2406 1648 2448 lucem

189 2499 377 2557 protulit,
419 2499 695 2543 clarissimum
737 2499 910 2540 emicuit
951 2499 1168 2556 ingenium
1219 2498 1407 2540 Tuomffi
1460 2497 1647 2540 HOBBES

193 2589 597 2641 Malmesburiensis,
639 2589 718 2631 viri
755 2604 882 2646 supra
916 2604 1183 2632 communem
1217 2589 1458 2631 mortalium
1493 2599 1647 2632 sortem

189 2681 428 2739 longissime
449 2681 594 2732 evecti,
618 2681 662 2723 in
687 2696 771 2738 quo
788 2690 941 2724 natura
960 2696 1111 2737 parens
1133 2680 1323 2723 nondum
1343 2680 1485 2724 effoeta
1504 2682 1647 2724 eximii

189 2773 407 2830 cujusdam
426 2773 551 2817 nixus
572 2773 783 2830 specimen
804 2782 1014 2816 ostentare
1035 2772 1230 2815 decrevit.
