1910 3256
275 267 347 302 DE
374 267 653 302 SENSIONE
681 268 750 301 ET
775 268 930 303 MOTU
957 268 1218 303 ANIMALI.
1357 261 1446 303 331

103 378 211 449 ᾗ]”·ιι
225 413 240 437 ,
276 393 440 426 aerem
479 394 727 438 serenanS,
767 378 1018 428 stellarum
1060 378 1113 427 in
1144 379 1342 427 oculum
1373 396 1455 428 ac·
1506 385 1623 460 ΡΑῙὲξ
1641 385 1701 417 IV·

118 475 153 496 ιιι
168 468 247 502 em
269 453 471 518 adjuvat
493 454 596 502 sive
632 455 938 515 corroborat,
970 455 1043 503 ita
1077 462 1135 503 ut
1158 455 1329 514 stellae,
1354 471 1456 503 non
1510 452 1701 499 s-rssd

139 550 170 573 ιι
222 529 355 589 visae,
380 529 450 578 sic
467 529 624 578 videri
645 531 849 594 possint.
899 531 1063 595 Atque
1080 531 1187 579 haec
1211 531 1456 580 sufficiant

105 598 129 647 's
148 604 391 665 sensione,
423 621 534 669 quae
562 605 623 654 fit
651 622 742 670 per
771 607 945 671 organi
981 606 1297 665 reactionem,
1324 606 1456 654 dicta

110 742 119 748 ..
219 702 226 724 ι
260 679 368 731 'ten
438 681 568 730 Nam
605 681 667 730 de
708 681 819 730 loco
856 682 1100 746 imaginis,
1144 681 1206 730 de
1248 681 1454 730 fallaciis

121 781 152 800 ,ι
172 777 205 817 ;,
240 764 292 806 et
326 756 434 806 aliis
468 757 631 814 rebus,
670 774 792 822 quas
825 758 1082 806 sentiendo
1119 758 1171 806 in
1206 757 1454 806 nobismet

214 832 512 896 experimur,
554 833 671 897 quia
709 850 891 898 magna
935 850 994 882 ex
1039 842 1181 898 parte
1227 834 1288 882 ab
1324 835 1453 882 oculi

95 898 163 960 Ῐιιι
176 907 259 956 ani
279 907 471 956 fabrica
492 909 694 973 propria
716 909 1012 974 dependent,
1047 909 1311 958 dicendum
1333 917 1453 958 tunc

95 1042 101 1049 γ
154 999 269 1033 cum
294 983 356 1032 de
378 983 579 1032 homine
603 984 914 1033 disseremus.

53 1059 205 1109 2312,
253 1056 345 1108 Est
381 1067 549 1108 autem
589 1060 723 1109 aliud
764 1061 1005 1109 sensionis
1040 1077 1212 1125 genus,
1252 1062 1313 1110 de
1355 1078 1453 1125 quo
1472 1081 1721 1123 v01uptas‚d0-

174 1156 181 1179 ·
223 1135 432 1200 aliqua
460 1153 594 1185 nunc
618 1153 802 1196 sumus,
840 1137 1074 1185 nimirum
1099 1138 1261 1186 sensio
1285 1138 1456 1203 volup-
1471 1126 1737 1212 ζζὲἢᾶξίξξὲζξζξ,

207 1219 260 1260 et
283 1211 493 1270 doloris,
519 1228 674 1276 eaque
698 1221 810 1261 orta
832 1229 934 1261 non
958 1230 988 1261 a
1010 1214 1264 1262 reactione
1291 1214 1454 1262 cordis

51 1337 54 1343 ,
93 1279 98 1286 ’
206 1308 219 1331 ;
257 1288 521 1347 exteriora,
560 1288 648 1337 sed
685 1289 747 1337 ab
772 1289 947 1353 organi
982 1297 1123 1354 parte
1148 1290 1333 1338 extima
1366 1306 1456 1354 per

118 1387 138 1406 ι
175 1363 346 1412 inuam
369 1364 618 1412 actionem
641 1380 811 1413 versus
842 1380 944 1413 cor.
1016 1365 1144 1413 Cum
1177 1366 1310 1414 enim
1338 1367 1455 1415 vitae

130 1438 354 1503 ιιοίΡίιιΠι
391 1439 444 1487 in
482 1440 632 1488 corde
669 1440 749 1499 sit,
788 1456 992 1488 necesse
1031 1449 1107 1489 est
1140 1449 1197 1489 ut
1225 1450 1391 1489 motus
1426 1458 1457 1490 a

70 1536 132 1562 ι
146 1514 304 1564 tiente
325 1515 392 1563 ad
414 1531 501 1564 cor
522 1523 828 1581 propagatus
850 1523 1043 1564 motum
1065 1516 1267 1565 vitalem
1291 1518 1455 1581 aliquo

63 1590 205 1651 sido
250 1599 412 1640 mutet
468 1592 571 1641 sive
617 1592 847 1651 divertat,
905 1592 1140 1641 nimirum
1184 1594 1456 1642 faciliorem

61 1674 71 1680 ’
94 1667 268 1716 edens
313 1667 393 1715 vel
440 1667 782 1726 difficiliorem,
829 1669 1008 1731 juvans
1048 1669 1128 1717 vel
1165 1670 1454 1733 impediens.

73 1762 97 1786 ··.
147 1744 306 1808 juvet,
343 1742 592 1809 voluptas,
632 1744 674 1792 si
710 1743 964 1808 impediat,
1010 1744 1170 1804 dolor,
1208 1746 1456 1805 molestia,

172 1818 312 1868 itudo
331 1819 567 1868 nascitur.
603 1819 670 1867 Et
687 1819 817 1868 sicut
834 1820 1200 1883 phantasmata,
1227 1838 1256 1870 a
1274 1830 1458 1870 conatu

142 1901 351 1944 externa
373 1902 515 1944 extra
538 1895 766 1954 existere,
791 1895 863 1944 ita
885 1896 1114 1960 voluptas
1153 1905 1205 1945 et
1230 1898 1372 1946 dolor
1405 1898 1458 1945 in

123 1970 300 2030 ssione,
347 1979 555 2035 propter
601 1979 836 2019 conatum
883 1972 1059 2035 organi
1104 1973 1169 2020 ad
1219 1974 1459 2022 interiora

70 2045 88 2050 ’
117 2055 288 2096 =entur
322 2046 458 2110 intus
491 2063 614 2104 esse,
651 2047 717 2095 ibi
749 2063 927 2111 nempe
955 2048 1043 2095 ubi
1080 2056 1155 2096 est
1177 2049 1338 2112 prima
1371 2067 1458 2098 vo-

68 2119 262 2175 futatis
286 2122 390 2171 sive
415 2122 600 2171 doloris
625 2138 788 2182 causa,
818 2130 877 2171 ut
912 2123 965 2171 in
990 2123 1161 2172 dolore
1184 2141 1215 2172 a
1236 2125 1456 2185 vulnere,

62 2198 142 2256 ,i
164 2206 243 2248 est
265 2198 445 2247 vulnus
469 2198 632 2262 ipsum
655 2198 725 2246 ibi
748 2198 945 2247 videtur
965 2215 1071 2247 esse
1096 2199 1254 2248 dolor.

123 2274 295 2324 Motus
331 2281 498 2322 autem
543 2274 708 2322 vitalis
747 2274 1000 2338 sanguinis
1042 2283 1205 2325 motus
1243 2285 1334 2336 est,
1369 2293 1458 2341 per

54 2364 207 2418 (genas
236 2350 558 2414 arteriasque,
582 2359 640 2399 ut
663 2367 693 2398 a
714 2350 874 2415 primo
904 2352 1009 2415 ejus
1043 2352 1114 2399 rei
1142 2353 1457 2402 observatore

55 2432 283 2483 strate
321 2427 537 2475 Harvaeo
574 2427 743 2475 multis
780 2427 1164 2492 certissimisque
1190 2429 1343 2493 signis
1379 2446 1457 2478 os-

59 2493 252 2555 fimum
275 2512 368 2564 est,
405 2511 647 2568 perpetuo
687 2503 1055 2552 circumeuntis.
1135 2505 1236 2554 Qui
1273 2514 1456 2566 motuS,

104 2609 111 2618 »
130 2594 164 2628 a
201 2586 341 2628 motu
375 2579 511 2628 facto
547 2595 637 2644 per
679 2580 990 2643 objectorum
1033 2581 1339 2630 sensibilium
1375 2599 1456 2631 ac-

62 2650 122 2697 3³2
144 2670 246 2703 nem
289 2655 604 2719 impediatur,
642 2672 812 2704 rursus
849 2672 939 2719 per
974 2657 1190 2720 partium
1236 2659 1456 2722 corporis

49 2725 79 2783 ſs
93 2752 117 2773 .·.
157 2730 168 2741 “
183 2746 320 2779 nem
377 2731 763 2780 directionemve
828 2732 1136 2792 restituetur,
1203 2734 1456 2797 spiritibus

30 2822 32 2829 0
56 2848 60 2858 ,
96 2828 114 2849 ss
144 2807 248 2856 :cet
269 2807 418 2856 modo
447 2808 500 2856 in
524 2808 615 2856 hos
640 2808 787 2856 modo
813 2809 865 2856 in
884 2808 994 2856 illos
1018 2825 1196 2858 nervos
1220 2810 1456 2874 impulsis,

51 2890 219 2935 {neem
244 2892 484 2948 quantum
505 2884 613 2933 fieri
637 2891 803 2948 potest
821 2884 1048 2934 molestia
1063 2886 1222 2935 omnis
1237 2887 1454 2936 tollatur.
