1936 3262
492 241 554 283 68
800 254 1147 288 COMPUTA'rlo
1175 256 1298 290 SIVE
1325 255 1538 290 LOGICA.

272 361 387 392 PARS
412 361 440 395 ¹·
493 362 676 410 tionem
715 372 799 412 aut
839 365 1196 425 refractionem,
1238 383 1338 415 non
1375 368 1468 415 erit
1509 367 1737 431 splendor
1775 368 1857 417 ille
1907 391 1909 394 ·

278 450 440 472 *w*
492 453 651 501 neque
670 455 906 502 apparens
925 441 1006 488 illa
1024 442 1310 504 magnitudo
1328 443 1379 489 in
1397 442 1502 505 ipso
1522 442 1637 490 sole.
1685 442 1855 505 Itaque
1902 454 1910 507 ᾗ

493 528 667 575 corpus
692 514 846 561 solare
879 531 979 562 non
1003 515 1096 562 erit
1129 516 1397 579 splendoris
1427 524 1476 564 et
1507 516 1855 580 magnitudinis

491 587 619 635 illius
644 589 916 652 subjectum
938 611 948 644 3
997 598 1047 637 et
1069 598 1269 653 propter
1292 591 1485 639 easdem
1507 591 1721 639 rationes
1743 591 1856 654 reji-

491 662 647 710 cietur
670 680 861 727 quoque
882 668 982 723 aer,
1002 665 1204 728 aliaque,
1230 666 1385 714 donec
1402 666 1703 729 relinquatur
1717 665 1854 726 nihil,

494 738 624 800 quod
648 739 933 801 splendoris,
957 749 1043 786 aut
1064 740 1412 803 magnitudinis
1436 741 1563 788 illius
1584 740 1854 804 subjectum
1899 745 1902 774 ἶ

493 827 596 859 esse
615 814 769 875 possit
785 822 963 877 praeter
982 815 1140 878 ipsum
1157 815 1386 863 sentiens,
1456 816 1579 865 Quae
1597 815 1856 863 methodus
1899 842 1903 847 ·

492 895 729 949 quatenus
753 890 1025 951 subjectum
1046 889 1098 936 in
1120 897 1283 952 partes
1308 890 1554 949 dividitur,
1580 889 1821 953 analytica
1839 909 1855 945 ;

491 970 729 1024 quatenus
771 965 977 1027 subjecti
1014 972 1063 1011 et
1094 964 1360 1012 accidentis
1390 966 1713 1028 proprietates
1744 980 1855 1012 011111
1904 998 1906 1002 -

488 1037 593 1099 ipso
622 1039 873 1086 accidente
902 1041 1038 1102 cujus
1067 1041 1338 1103 subjectum
1369 1040 1628 1102 quaerimus
1661 1055 1854 1103 compa-

488 1120 674 1171 rantur,
700 1113 975 1176 synthetica
997 1122 1086 1161 est.
1885 1105 1902 1179 J

275 1181 447 1214 Meth⁰d¹¹⁸
561 1193 633 1235 10.
672 1188 880 1236 Quando
895 1205 1010 1236 vero
1027 1190 1226 1236 effectus
1241 1189 1443 1252 alicujus
1457 1189 1695 1252 propositi
1709 1205 1855 1238 causa
1894 1187 1897 1201 ²
1915 1199 1917 1203 “

274 1226 438 1268 quaerendi

273 1270 422 1319 effectus
489 1262 826 1326 investiganda
849 1271 938 1322 est,
959 1271 1072 1311 ante
1093 1265 1268 1324 omnia,
1290 1265 1551 1328 cogitanda
1569 1271 1619 1312 et
1636 1281 1852 1327 compre-

272 1317 424 1387 ἷῖιῖξζιῗιῃ
487 1338 744 1386 hendenda
772 1339 933 1387 animo
965 1347 1039 1386 est
1062 1340 1258 1402 ejusrei
1283 1356 1390 1402 quae
1417 1355 1562 1387 causa
1583 1339 1855 1403 appellatur

487 1414 623 1460 notio
649 1414 748 1461 sive
771 1414 880 1462 idea
902 1415 1120 1477 perfecta
1139 1435 1151 1470 ;
1189 1415 1418 1462 nimirum
1442 1413 1573 1477 quod
1591 1431 1743 1462 eausa
1761 1421 1853 1472 est,

486 1504 669 1535 summa
691 1488 793 1535 sive
817 1495 1153 1553 aggregatum
1176 1489 1503 1537 accidentium
1526 1489 1730 1536 omnium
1753 1495 1864 1551 tam}

487 1563 537 1610 in
573 1563 852 1626 agentibus,
893 1579 1038 1627 quam
1072 1563 1122 1611 in
1154 1564 1400 1627 patiente,
1440 1564 1511 1611 ad
1543 1563 1852 1628 propositum

485 1638 708 1699 effectum
746 1639 1151 1697 concurrentium,
1182 1638 1358 1702 quibus
1390 1638 1607 1686 omnibus
1638 1638 1852 1686 existen-

486 1712 616 1759 tibus
652 1712 875 1774 effectum
915 1729 1009 1759 non
1045 1713 1278 1771 existere,
1316 1713 1395 1760 vel
1430 1712 1648 1777 quolibet
1687 1730 1851 1761 eorum
1904 1723 1915 1762 ξ’

484 1804 578 1834 uno
603 1787 804 1834 absente
827 1787 1059 1846 existere,
1079 1787 1301 1852 intelligi
1324 1805 1417 1835 non
1433 1793 1622 1852 potest.
1868 1842 1870 1847 y

552 1863 760 1925 Cognito
795 1870 972 1921 autem,
1014 1862 1131 1925 quid
1172 1879 1316 1911 causa
1352 1863 1431 1922 sit,
1472 1862 1851 1926 unumquodque

485 1937 709 1984 accidens
728 1938 954 1984 effectum
974 1937 1322 1996 concomitans,
1341 1938 1419 1985 vel
1435 1936 1715 2001 praecedens
1733 1954 1851 2001 qua—

484 2019 642 2070 tenus,
667 2012 911 2059 videbitur
927 2011 989 2059 ad
1013 2012 1239 2059 effectum
1261 2012 1422 2074 aliquo
1441 2012 1587 2060 modo
1605 2012 1850 2075 pertinere
1901 2042 1911 2051 »

484 2086 732 2149 sigillatim
760 2085 1132 2134 examinandum
1164 2093 1253 2144 est,
1285 2085 1660 2149 videndumque,
1684 2093 1849 2133 utrum

483 2160 565 2208 illo
612 2178 712 2209 non
764 2162 1000 2209 existente
1051 2161 1330 2224 propositus
1387 2161 1586 2208 effectus
1642 2160 1848 2209 existere
1887 2176 1898 2179 '⁷

482 2236 689 2298 intelligi
711 2237 865 2299 possit
886 2251 1041 2284 necne
1063 2257 1074 2290 ;
1122 2243 1268 2298 atque
1290 2236 1384 2283 hoc
1407 2234 1551 2283 modo
1576 2250 1634 2282 ea
1655 2251 1763 2298 quae
1785 2236 1848 2283 ad
1911 2273 1914 2275 >

483 2312 708 2360 effectum
732 2311 1100 2375 producendum
1119 2318 1432 2369 concurrunt,
1457 2311 1517 2358 ab
1540 2310 1599 2357 iis
1623 2325 1846 2374 segrega-

481 2386 665 2434 buntur
694 2403 800 2449 quae
829 2403 928 2434 non
959 2394 1269 2434 concurrunt.
1348 2386 1457 2434 Quo
1488 2385 1620 2433 facto
1653 2401 1711 2433 ea
1739 2402 1846 2448 quae

483 2453 781 2508 concurrunt
812 2461 1153 2523 congreganda
1181 2467 1308 2518 sunt,
1334 2467 1383 2507 et
1406 2459 1730 2507 consideratio
1759 2461 1845 2508 ha-

481 2535 655 2592 benda,
680 2552 742 2582 an
764 2535 822 2583 iis
847 2535 1070 2582 omnibus
1094 2535 1235 2582 simul
1260 2534 1594 2593 existentibus,
1617 2535 1845 2597 possibile
1892 2595 1895 2597 ,

482 2617 646 2657 tamen
677 2611 740 2658 sit
762 2610 1032 2673 intelligere
1062 2609 1194 2672 quod
1221 2609 1499 2672 propositus
1523 2610 1723 2658 effectus
1744 2626 1844 2658 non

483 2685 674 2732 existat.
766 2685 912 2733 Quod
956 2685 997 2732 si
1036 2684 1086 2731 id
1129 2683 1384 2746 concipere
1429 2699 1528 2731 non
1572 2699 1841 2746 possumus,

482 2767 800 2822 aggregatum
821 2758 941 2806 illud
964 2774 1108 2806 causa
1130 2759 1233 2821 ejus
1256 2757 1448 2821 integra
1471 2765 1559 2815 est,
1582 2757 1723 2806 aliter
1743 2773 1842 2806 non

482 2840 570 2891 est,
596 2834 679 2881 sed
700 2833 792 2882 alia
809 2833 968 2882 adhue
992 2832 1252 2896 quaerenda
1271 2839 1321 2880 et
1343 2832 1691 2881 accumulanda
1713 2840 1840 2881 sunt.
