1936 3262
504 251 600 303 278
830 265 900 297 DE
929 265 1268 299 RATIONIBUS
1296 267 1555 301 MOTUUM.

254 378 455 452 PA¹{{¹¹¹·
505 372 568 420 sit
606 373 824 422 debilior.
895 376 969 423 Sit
1007 376 1136 423 enim
1173 376 1242 436 (in
1277 377 1359 440 fig.
1387 378 1437 439 3)
1472 377 1706 438 incidens,
1742 379 1886 430 verbi·

260 469 447 490 »Ὺ-κ
504 449 678 510 gratia,
716 450 768 497 in
810 451 1090 513 oppositum
1126 468 1319 499 murum
1352 452 1394 499 A
1414 453 1454 499 B
1493 453 1619 501 ictus
1657 453 1877 518 obliquus

508 539 595 585 per
621 523 659 570 C
677 524 737 572 A.
800 525 1020 573 Ducatur
1045 526 1082 572 C
1101 527 1140 573 E
1163 527 1255 589 ipsi
1278 526 1324 574 A
1341 527 1379 573 E
1402 528 1662 590 parallela3
1699 537 1750 577 et
1774 529 1817 578 D
1831 530 1876 581 A

502 598 657 645 eidem
682 600 725 646 A
744 600 780 646 B
816 601 1243 663 perpendicularis,
1270 610 1320 649 et
1347 603 1545 666 aequalis
1576 611 1722 653 rectae
1745 603 1844 653 CA
1861 626 1887 663 3.»

503 674 662 736 sitque
681 675 913 723 velocitas
938 684 987 723 et
1012 684 1202 739 tempus
1225 685 1388 725 motus
1420 694 1507 740 per
1543 678 1640 726 CA
1672 679 1878 742 aequales
1934 686 1936 733 l

501 749 751 797 velocitati
788 758 838 797 et
875 752 1085 814 tempori
1120 759 1283 800 motus
1319 768 1407 815 per
1449 753 1495 800 D
1514 753 1573 801 A.
1642 753 1764 803 Dico
1798 754 1885 806 de«

501 825 724 872 biliorem
767 842 870 873 esse
917 827 1070 874 ictum
1108 842 1196 889 per
1229 827 1330 875 CA
1367 844 1513 891 quam
1547 844 1636 892 per
1673 829 1716 876 D
1737 829 1798 889 A,
1826 830 1889 880 in:¹
1935 827 1936 886 Ξ

502 900 690 946 ratione
714 900 806 947 EA
829 900 893 948 ad
916 901 1028 948 DA.
1100 901 1227 948 Nam
1250 902 1490 964 producta
1512 903 1609 950 DA
1631 909 1877 968 utcunque
1935 915 1936 942 ὲ

501 974 551 1020 in
595 974 646 1032 F,
693 975 786 1021 erit
824 984 1027 1023 conatus
1072 976 1326 1038 utriusque
1370 977 1497 1024 ictus
1545 993 1633 1040 per
1675 993 1889 1042 perpenag.

501 1049 767 1096 dicularem
801 1050 845 1098 A
865 1051 916 1108 F,
957 1067 1044 1113 per
1081 1058 1171 1098 art.
1193 1057 1239 1098 6.
1310 1051 1407 1099 Sed
1441 1052 1566 1100 ictus
1594 1068 1682 1115 per
1705 1052 1802 1100 CA
1821 1053 1889 1102 fit.
1935 1051 1936 1101 j

500 1139 560 1170 ex
603 1140 846 1171 concursu
882 1125 1089 1173 duorum
1129 1132 1352 1173 motuum
1397 1142 1485 1189 per
1528 1127 1566 1174 C
1586 1127 1626 1175 E
1676 1134 1726 1176 et
1764 1128 1889 1188 EA,

501 1214 709 1260 quorum
750 1208 972 1247 motuum
1010 1201 1050 1248 is
1085 1201 1167 1263 qui
1206 1202 1263 1248 fit
1301 1217 1390 1264 per
1414 1202 1509 1249 CE
1533 1202 1654 1250 ictui
1675 1202 1728 1250 in
1750 1203 1793 1251 A
1811 1203 1879 1267 nil
1935 1201 1936 1205 ’

501 1273 800 1329 contribuit;
853 1282 1116 1338 propterea
1163 1276 1295 1338 quod
1337 1277 1448 1335 ΟΕ,
1492 1277 1593 1324 BA
1639 1285 1754 1325 sunt
1795 1294 1891 1342 pan-²
1935 1310 1936 1315 =

498 1348 693 1396 rallelae.
765 1349 929 1398 Quare
965 1350 1093 1397 ictus
1128 1366 1216 1413 per
1254 1351 1293 1397 C
1316 1351 1356 1397 A
1390 1352 1448 1398 fit
1482 1367 1512 1398 a
1529 1359 1668 1399 motu
1702 1352 1784 1415 qui
1806 1359 1880 1402 est
1935 1356 1936 1359 ’

499 1423 549 1469 in
583 1423 686 1471 sola
718 1425 758 1471 E
778 1425 837 1472 A.
907 1425 1152 1472 Velocitas
1190 1433 1355 1473 autem
1392 1426 1492 1474 sive
1515 1427 1588 1474 vis
1621 1427 1748 1475 ictus
1770 1443 1891 1490 perqe
1935 1432 1936 1481 j

497 1498 824 1560 pendicularis
866 1500 917 1547 in
953 1501 990 1546 C
1008 1500 1053 1547 A
1091 1508 1165 1547 est
1197 1501 1261 1547 ad
1293 1501 1604 1549 velocitatem
1643 1502 1744 1550 sive
1781 1502 1887 1554 vim
1935 1502 1936 1550 ἶ

498 1573 624 1620 ictus
661 1574 712 1621 in
761 1575 882 1633 DA,
906 1583 962 1622 ut
994 1575 1093 1621 EA
1118 1575 1180 1622 ad
1205 1575 1325 1623 DA.
1396 1576 1617 1624 Debilior
1653 1585 1728 1625 est
1762 1592 1887 1641 ergo.
1935 1585 1936 1633 ἰ

497 1648 623 1696 ictus
644 1649 905 1711 obliquus
893 1666 944 1697 1n
970 1650 1008 1696 C
1026 1651 1086 1708 A,
1124 1666 1270 1713 quam
1304 1652 1431 1699 ictus
1465 1652 1891 1715 perpendiculari&
1935 1652 1936 1704 ᾗ

496 1723 547 1769 in
573 1723 617 1769 D
638 1723 698 1782 A,
723 1724 775 1772 in
795 1724 985 1772 ratione
1009 1726 1048 1771 E
1068 1725 1112 1772 A
1135 1725 1198 1772 ad
1221 1726 1321 1773 DA
1360 1726 1460 1774 sive
1494 1727 1558 1774 ad
1583 1727 1711 1775 CA.
1747 1726 1891 1832 quodi
1935 1752 1936 1784 3

496 1805 601 1845 erat
619 1799 942 1860 probandum.
1935 1793 1936 1838 3

238 1882 278 1912 In
294 1882 398 1913 medio
562 1879 608 1920 9.
646 1874 703 1921 In
741 1875 901 1922 medio
943 1875 1087 1938 pleno
1131 1891 1189 1923 eo
1227 1891 1382 1938 usque
1416 1877 1641 1939 procedit
1674 1885 1890 1929 conatus

236 1936 356 2009 prsspag
377 1935 449 2018 tu}¹⁸
496 1948 670 2006 omnis,
692 1964 944 2011 quousque
985 1949 1201 2012 pertinet
1240 1950 1399 2012 ipsum
1430 1951 1678 2008 medium;
1712 1952 1764 2000 id
1786 1959 1890 2012 ests
1935 1962 1936 1974 ¹

412 2022 444 2084 {³
497 2023 537 2070 si
560 2023 774 2074 medium
794 2024 858 2071 sit
882 2025 1142 2082 infinitum,
1167 2025 1218 2083 in
1241 2025 1503 2073 infinitum.

565 2098 813 2161 Quicquid
832 2099 962 2146 enim
982 2109 1189 2147 conatur
1211 2108 1452 2160 movetur,
1473 2101 1682 2165 ideoque
1705 2102 1877 2151 cedere

496 2173 616 2220 facit
662 2174 895 2236 quicquid
941 2174 985 2222 ei
1042 2175 1221 2231 obstat,
1279 2176 1453 2223 saltem
1507 2177 1872 2239 aliquantulum,
1935 2187 1936 2194 ¹

496 2249 728 2296 nimirum
744 2257 980 2312 quantum
1001 2250 1133 2312 quod
1150 2258 1315 2298 movet
1328 2259 1659 2313 promovetur.
1729 2251 1886 2302 Quod.

496 2331 662 2371 autem
701 2324 832 2371 cedit
868 2333 1091 2372 movetur
1134 2342 1342 2388 quoque,
1376 2334 1426 2373 et
1464 2327 1671 2389 proinde
1703 2327 1872 2377 cedere
1935 2351 1936 2358 ¹

495 2398 614 2446 facit
646 2399 697 2446 id
734 2400 864 2462 quod
904 2400 996 2462 ipsi
1033 2400 1226 2447 obviam
1268 2408 1371 2455 est3
1420 2409 1470 2448 et
1515 2401 1584 2449 sic
1630 2401 1877 2464 deinceps,

497 2490 747 2536 quousque
785 2474 950 2521 existit
990 2475 1203 2522 medium
1240 2475 1437 2538 aliquod
1471 2476 1686 2538 plenum,
1709 2476 1761 2524 id
1781 2484 1871 2536 est,

499 2549 539 2596 si
575 2549 791 2596 medium
813 2549 1059 2596 infinitum
1096 2550 1174 2608 sit,
1212 2550 1264 2597 in
1304 2550 1578 2600 infinitumz
1615 2551 1746 2614 quod
1767 2558 1872 2599 erat

493 2625 817 2688 probandum.

565 2699 857 2762 Quanquam
880 2706 1043 2746 autem
1066 2698 1344 2762 hujusmodi
1381 2708 1600 2759 conatus,
1635 2706 1870 2764 perpetuo

496 2782 808 2837 propagatus,
833 2790 932 2822 non
958 2790 1147 2837 semper
1177 2774 1248 2821 ita
1266 2783 1498 2837 appareat
1522 2775 1739 2823 sensibus
1763 2782 1864 2823 tan-

500 2864 642 2910 quam
669 2856 798 2896 esset
821 2855 980 2896 motus
1004 2849 1177 2911 aliquis
1199 2869 1211 2903 ;
1247 2858 1450 2912 apparet
1465 2858 1628 2898 tamen
1649 2857 1704 2898 ut
1721 2849 1864 2907 actio,
