1910 3256
464 263 560 306 298
784 277 854 310 DE
882 277 1220 312 RATIONleUs
1247 279 1505 314 Mo'rUUM.

234 386 349 419 PARS
366 387 434 419 111·
469 379 597 431 illius
653 385 994 448 complementi
1050 386 1285 436 diameter
1340 389 1596 452 aequilibrii
1649 392 1831 441 secabit

237 432 413 501 »Ὗὲκ
467 464 652 505 rectam
673 475 762 522 per
783 460 1018 508 verticem
1040 461 1146 509 basi
1164 463 1442 525 parallelam
1464 464 1534 512 ita
1555 471 1612 512 ut
1634 481 1747 528 pars
1767 468 1830 516 ad

462 534 696 582 verticem
720 535 783 583 sit
802 536 865 583 ad
887 536 1139 599 reliquam,
1165 545 1224 585 ut
1248 544 1275 586 5
1301 538 1364 586 ad
1387 545 1433 586 2.
1493 539 1648 587 Simili
1667 540 1829 598 modo,

463 608 505 656 si
539 617 757 657 sumatur
781 610 1008 672 quaelibet
1030 611 1126 659 alia
1160 612 1400 662 dictarum
1422 614 1704 677 figurarum,
1737 615 1778 664 si
1799 632 1830 664 a

463 683 830 732 denominatore
867 684 1119 734 fractionis
1161 688 1264 749 ejus
1304 687 1356 735 in
1397 688 1576 736 tabella
1619 688 1829 739 inventae

462 757 712 807 auferatur
735 767 1033 819 numerator,
1059 761 1302 809 dividetur
1329 770 1466 810 recta
1486 777 1576 826 per
1596 763 1828 814 verticem

460 834 531 882 ita
552 842 609 882 ut
638 850 751 897 pars
789 834 853 882 ad
875 835 1107 883 verticem
1131 836 1194 883 sit
1217 836 1280 884 ad
1302 837 1553 901 reliquam,
1588 845 1647 886 ut
1679 837 1828 888 deno-

458 910 671 957 minator
694 910 756 957 ad
792 910 1039 958 residuum
1063 911 1195 974 quod
1223 928 1282 959 ea
1317 913 1649 961 subtractione
1682 913 1829 965 relin-

460 984 640 1047 quitur.

202 1060 374 1143 ggffiffgfi
529 1064 603 1107 11.
640 1059 875 1107 Centrum
911 1060 1168 1124 aequilibrii
1213 1061 1425 1110 semissis
1461 1063 1632 1126 figurae
1667 1064 1824 1112 curvi-

198 1146 413 1230 Je¹i¹if⁵it⁵fi2m
456 1132 596 1182 lineae
620 1134 879 1197 cujuslibet
902 1151 1084 1192 earum,
1108 1151 1218 1198 quae
1241 1144 1356 1184 sunt
1389 1137 1441 1185 in
1462 1137 1619 1200 primo
1655 1138 1825 1189 ordine

202 1189 422 1281 ,ζῖζηξρήζῐ
457 1208 649 1256 tabellae
689 1208 882 1257 articuli
919 1216 964 1269 3,
1003 1211 1177 1274 capitis
1201 1226 1343 1268 XVII,
1376 1220 1451 1260 est
1490 1213 1542 1260 in
1577 1219 1715 1261 recta
1746 1215 1826 1263 axi

204 1275 368 1349 οξὼζζζῑη
381 1281 425 1358 tf·
456 1284 702 1348 parallela,
745 1301 854 1348 quae
889 1285 1029 1334 basin
1069 1286 1244 1334 dividit
1289 1287 1556 1335 secundum
1594 1303 1822 1337 numeros

200 1370 267 1432 5³1>-
285 1362 335 1392 xvi
377 1362 426 1394 in·
455 1360 709 1408 fractionis
754 1360 806 1408 in
851 1361 1064 1409 secundo
1112 1362 1283 1410 ordine
1318 1363 1539 1425 proxime
1578 1362 1821 1422 inferiore,
1859 1373 1869 1382 ⁴⁴

199 1414 408 1496 np131e¹¹10s02
456 1434 527 1483 ita
542 1442 599 1483 ut
616 1443 899 1483 numerator
912 1436 1207 1499 respondeat
1222 1437 1353 1500 parti
1372 1453 1481 1500 quae
1500 1445 1575 1486 est
1588 1437 1652 1486 ad
1668 1453 1821 1486 axem.

297 1501 312 1522 ⁸
523 1510 754 1558 Sumatur
794 1510 867 1572 (in
902 1512 984 1574 fig.
1010 1510 1081 1573 6),
1121 1512 1329 1575 exempli
1365 1528 1526 1571 causa,
1560 1528 1620 1560 ex
1652 1512 1822 1561 mediis

453 1585 610 1634 tribus
632 1585 858 1648 primum,
884 1587 1021 1649 cujus
1045 1587 1256 1635 semissis
1281 1587 1345 1635 sit
1368 1588 1511 1635 ABC
1526 1589 1587 1646 D,
1607 1595 1658 1636 et
1693 1603 1822 1636 com-

451 1661 645 1724 pleatur
667 1661 1005 1723 rectangulum
1028 1662 1073 1709 A
1089 1662 1129 1709 B
1143 1663 1182 1709 E
1202 1663 1245 1709 D
1264 1683 1275 1717 ;
1313 1679 1462 1725 quare
1498 1662 1822 1726 complemen-

453 1743 559 1784 tum
604 1736 697 1783 erit
742 1736 977 1791 BCDE;
1037 1744 1087 1784 et
1138 1737 1383 1800 quoniam,
1439 1754 1528 1800 per
1547 1737 1814 1796 .tabellam‚

450 1811 664 1859 ABED
705 1818 779 1858 est
817 1810 881 1858 ad
914 1812 1122 1874 figuram
1154 1812 1366 1859 ABCD
1397 1820 1455 1860 ut
1492 1819 1519 1860 5
1555 1812 1619 1860 ad
1646 1818 1693 1870 4,
1729 1812 1821 1860 erit

451 1886 621 1935 eadem
656 1883 868 1933 ABED
907 1886 971 1933 ad
1014 1887 1424 1949 complementum
1461 1888 1662 1935 BCDE
1698 1894 1755 1935 ut
1789 1893 1815 1936 5

449 1960 513 2007 ad
559 1967 599 2008 1.
670 1960 834 2009 Quare
865 1961 907 2007 si
940 1961 1147 2009 ducatur
1183 1962 1276 2009 FG
1297 1963 1403 2010 basi
1431 1963 1535 2010 DA
1567 1962 1812 2026 parallela,

449 2051 620 2083 secans
642 2052 784 2083 axem
806 2036 876 2084 ita
909 2044 966 2084 ut
987 2037 1082 2084 AG
1117 2037 1180 2084 sit
1203 2038 1266 2085 ad
1297 2038 1338 2085 G
1353 2039 1393 2085 B
1421 2046 1479 2085 ut
1503 2044 1532 2086 4
1554 2038 1616 2086 ad
1641 2044 1686 2096 5,
1723 2037 1814 2086 erit

447 2118 670 2158 centrum
714 2111 972 2174 aequilibrii
1016 2113 1186 2175 figurae
1225 2112 1270 2159 A
1285 2112 1325 2159 B
1341 2113 1380 2159 C
1400 2113 1460 2171 D,
1506 2129 1594 2176 per
1636 2128 1816 2176 praece-

446 2185 658 2245 dentem,
693 2187 745 2234 in
779 2187 885 2249 ipsa
907 2187 993 2235 FG
1016 2187 1208 2235 alicubi.
1279 2188 1480 2247 Rursus,
1517 2204 1606 2251 per
1631 2203 1810 2251 praece-

445 2261 658 2320 dentem,
685 2262 913 2324 quoniam
935 2263 1094 2324 figura
1117 2262 1359 2325 completa
1393 2263 1546 2310 ABE
1564 2263 1608 2310 D
1644 2270 1719 2311 est
1752 2262 1814 2310 ad

445 2337 855 2399 complementum
874 2337 914 2383 B
931 2337 968 2383 C
989 2337 1032 2384 D
1047 2338 1086 2384 E
1109 2344 1166 2384 ut
1191 2343 1216 2385 5
1243 2337 1307 2384 ad
1332 2343 1372 2395 1,
1398 2337 1562 2385 divisis
1581 2338 1622 2385 Β
1636 2339 1692 2396 Ε,
1710 2338 1756 2386 Α
1769 2338 1812 2387 D

442 2411 495 2458 in
532 2412 581 2458 H
619 2419 669 2459 et
707 2412 730 2458 Ι
764 2412 815 2458 in
850 2412 1040 2459 ratione
1077 2418 1103 2459 5
1131 2412 1193 2460 ad
1229 2419 1270 2470 l,
1298 2413 1391 2460 erit
1421 2421 1643 2461 centrum
1665 2413 1814 2476 aequi--⁴

442 2486 572 2532 librii
609 2486 952 2549 complementi
989 2487 1076 2534 BC
1094 2487 1194 2534 DE
1230 2488 1408 2535 alicubi
1442 2488 1493 2535 in
1525 2488 1674 2537 ducta
1706 2488 1807 2536 HI.

442 2561 664 2610 Ducatur
708 2563 811 2624 jam
859 2578 946 2624 per
989 2569 1213 2609 centrum
1247 2563 1417 2625 figurae
1464 2563 1717 2626 completae
1755 2562 1808 2611 M

442 2643 578 2683 recta
614 2636 654 2683 L
674 2637 718 2683 K
752 2636 856 2684 basi
893 2636 1139 2700 parallela,
1174 2645 1224 2684 et
1250 2638 1405 2685 altera
1437 2637 1530 2701 ipsi
1553 2654 1641 2701 per
1681 2637 1808 2686 idem

443 2718 667 2759 centrum
711 2711 766 2758 M
809 2711 1222 2774 perpendicularis
1268 2712 1315 2758 N
1332 2713 1404 2768 O;
1452 2719 1602 2760 rectae
1646 2720 1807 2760 autem

443 2785 483 2832 L
503 2787 563 2845 K,
596 2786 699 2834 FG
733 2794 899 2834 secent
917 2794 1102 2834 rectam
1129 2787 1176 2833 H
1199 2787 1220 2834 I
1243 2787 1294 2834 in
1318 2787 1355 2834 P
1374 2795 1424 2834 et
1448 2787 1508 2836 Q.
1580 2787 1806 2836 Sumatur

446 2861 483 2908 P
498 2861 542 2908 R
578 2861 847 2924 quadrupla
886 2868 1034 2909 rectae
1081 2862 1118 2909 P
1134 2862 1212 2917 Q;
1263 2861 1504 2925 ductaque
1546 2862 1590 2910 R
1607 2862 1661 2910 M
1693 2878 1803 2926 pro-
