<?xml version="1.0" encoding="UTF-8"?>
<!DOCTYPE html PUBLIC "-//W3C//DTD XHTML 1.0 Transitional//EN"
    "http://www.w3.org/TR/xhtml1/DTD/xhtml1-transitional.dtd">
<html xmlns="http://www.w3.org/1999/xhtml" xml:lang="en" lang="en">
 <head>
  <title>
</title>
<meta http-equiv="Content-Type" content="text/html;charset=utf-8" />
  <meta name='ocr-system' content='tesseract 3.04.00' />
  <meta name='ocr-capabilities' content='ocr_page ocr_carea ocr_par ocr_line ocrx_word'/>
</head>
<body>
  <div class='ocr_page' id='page_1' title='image "./operaphilosophic01hobbuoft_0521.png"; bbox 0 0 1910 3256; ppageno 0'>
   <div class='ocr_carea' id='block_1_1' title="bbox 336 239 1547 295">
    <p class='ocr_par' dir='ltr' id='par_1_1' title="bbox 336 239 1547 295">
     <span class='ocr_line' id='line_1_1' title="bbox 336 239 1547 295; baseline 0.007 -14"><span class='ocrx_word' id='word_1_1' title='bbox 336 239 339 243; x_wconf 89' lang='lat'>&#39;</span> <span class='ocrx_word' id='word_1_2' title='bbox 403 247 474 282; x_wconf 79' lang='lat' dir='ltr'>DE</span> <span class='ocrx_word' id='word_1_3' title='bbox 503 249 666 294; x_wconf 85' lang='lat' dir='ltr'>SONO,</span> <span class='ocrx_word' id='word_1_4' title='bbox 693 245 898 295; x_wconf 74' lang='grc'><strong>01101111,</strong></span> <span class='ocrx_word' id='word_1_5' title='bbox 925 249 1154 295; x_wconf 81' lang='lat' dir='ltr'>SAPORE,</span> <span class='ocrx_word' id='word_1_6' title='bbox 1181 252 1298 286; x_wconf 71' lang='lat' dir='ltr'>Ero.</span> <span class='ocrx_word' id='word_1_7' title='bbox 1451 242 1547 295; x_wconf 89' lang='lat'>397</span> 
     </span>
    </p>
   </div>
   <div class='ocr_carea' id='block_1_2' title="bbox 49 358 1855 2856">
    <p class='ocr_par' dir='ltr' id='par_1_2' title="bbox 159 358 1801 429">
     <span class='ocr_line' id='line_1_2' title="bbox 159 358 1801 429; baseline 0.004 -23"><span class='ocrx_word' id='word_1_8' title='bbox 159 364 326 407; x_wconf 87' lang='lat' dir='ltr'>motus</span> <span class='ocrx_word' id='word_1_9' title='bbox 351 358 539 422; x_wconf 88' lang='lat' dir='ltr'>primus</span> <span class='ocrx_word' id='word_1_10' title='bbox 571 359 864 409; x_wconf 85' lang='lat' dir='ltr'>diffunditur</span> <span class='ocrx_word' id='word_1_11' title='bbox 894 362 946 409; x_wconf 91' lang='lat' dir='ltr'>in</span> <span class='ocrx_word' id='word_1_12' title='bbox 981 362 1141 421; x_wconf 88' lang='lat' dir='ltr'>orbes,</span> <span class='ocrx_word' id='word_1_13' title='bbox 1179 378 1238 410; x_wconf 89' lang='lat' dir='ltr'>eo</span> <span class='ocrx_word' id='word_1_14' title='bbox 1275 364 1421 412; x_wconf 92' lang='lat' dir='ltr'>modo</span> <span class='ocrx_word' id='word_1_15' title='bbox 1453 378 1551 429; x_wconf 92' lang='lat' dir='ltr'>quo</span> <span class='ocrx_word' id='word_1_16' title='bbox 1602 373 1657 405; x_wconf 81' lang='grc' dir='ltr'>ΡΛ</span> <span class='ocrx_word' id='word_1_17' title='bbox 1666 373 1719 405; x_wconf 77' lang='lat' dir='ltr'>RS</span> <span class='ocrx_word' id='word_1_18' title='bbox 1743 374 1801 406; x_wconf 80' lang='lat' dir='ltr'>IV·</span> 
     </span>
    </p>

    <p class='ocr_par' dir='ltr' id='par_1_3' title="bbox 161 419 1855 501">
     <span class='ocr_line' id='line_1_3' title="bbox 161 419 1855 501; baseline 0.004 -20"><span class='ocrx_word' id='word_1_19' title='bbox 161 432 383 482; x_wconf 84' lang='lat' dir='ltr'>videmus</span> <span class='ocrx_word' id='word_1_20' title='bbox 416 434 524 483; x_wconf 89' lang='lat' dir='ltr'>fieri</span> <span class='ocrx_word' id='word_1_21' title='bbox 557 434 609 482; x_wconf 91' lang='lat' dir='ltr'>in</span> <span class='ocrx_word' id='word_1_22' title='bbox 651 442 912 499; x_wconf 82' lang='lat' dir='ltr'>stagnante</span> <span class='ocrx_word' id='word_1_23' title='bbox 948 453 1090 500; x_wconf 87' lang='lat' dir='ltr'>aqua,</span> <span class='ocrx_word' id='word_1_24' title='bbox 1128 437 1208 485; x_wconf 88' lang='lat' dir='ltr'>eui</span> <span class='ocrx_word' id='word_1_25' title='bbox 1244 437 1453 501; x_wconf 88' lang='lat' dir='ltr'>injectus</span> <span class='ocrx_word' id='word_1_26' title='bbox 1489 441 1554 488; x_wconf 88' lang='lat' dir='ltr'>sit</span> <span class='ocrx_word' id='word_1_27' title='bbox 1622 419 1788 487; x_wconf 46' lang='grc' dir='ltr'>»ἕξ-ὐ</span> <span class='ocrx_word' id='word_1_28' title='bbox 1848 483 1855 501; x_wconf 61' lang='grc'>,</span> 
     </span>
    </p>

    <p class='ocr_par' dir='ltr' id='par_1_4' title="bbox 81 507 1553 576">
     <span class='ocr_line' id='line_1_4' title="bbox 81 507 1553 576; baseline 0.005 -19"><span class='ocrx_word' id='word_1_29' title='bbox 81 519 83 523; x_wconf 88' lang='grc'><strong>’</strong></span> <span class='ocrx_word' id='word_1_30' title='bbox 160 507 300 573; x_wconf 86' lang='lat' dir='ltr'>lapis.</span> <span class='ocrx_word' id='word_1_31' title='bbox 368 510 543 574; x_wconf 87' lang='lat' dir='ltr'>Itaque</span> <span class='ocrx_word' id='word_1_32' title='bbox 583 510 834 570; x_wconf 75' lang='lat' dir='ltr'>velocitaS,</span> <span class='ocrx_word' id='word_1_33' title='bbox 871 513 1170 575; x_wconf 83' lang='lat' dir='ltr'>procedente</span> <span class='ocrx_word' id='word_1_34' title='bbox 1215 514 1553 576; x_wconf 85' lang='lat' dir='ltr'>undulatione,</span> 
     </span>
    </p>

    <p class='ocr_par' dir='ltr' id='par_1_5' title="bbox 78 585 1555 651">
     <span class='ocr_line' id='line_1_5' title="bbox 78 585 1555 651; baseline 0.003 -18"><span class='ocrx_word' id='word_1_35' title='bbox 78 643 79 646; x_wconf 8' lang='grc' dir='ltr'><strong>Ἴ</strong></span> <span class='ocrx_word' id='word_1_36' title='bbox 159 593 221 634; x_wconf 84' lang='lat' dir='ltr'>eo</span> <span class='ocrx_word' id='word_1_37' title='bbox 266 585 429 634; x_wconf 84' lang='lat' dir='ltr'>minor</span> <span class='ocrx_word' id='word_1_38' title='bbox 473 601 665 650; x_wconf 87' lang='lat' dir='ltr'>semper</span> <span class='ocrx_word' id='word_1_39' title='bbox 708 587 783 646; x_wconf 89' lang='lat' dir='ltr'>fit,</span> <span class='ocrx_word' id='word_1_40' title='bbox 830 603 927 651; x_wconf 93' lang='lat' dir='ltr'>quo</span> <span class='ocrx_word' id='word_1_41' title='bbox 963 587 1157 651; x_wconf 88' lang='lat' dir='ltr'>longius</span> <span class='ocrx_word' id='word_1_42' title='bbox 1198 589 1485 651; x_wconf 86' lang='lat' dir='ltr'>proceditur</span> <span class='ocrx_word' id='word_1_43' title='bbox 1525 608 1555 639; x_wconf 91' lang='lat' dir='ltr'>a</span> 
     </span>
    </p>

    <p class='ocr_par' dir='ltr' id='par_1_6' title="bbox 160 661 1556 802">
     <span class='ocr_line' id='line_1_6' title="bbox 160 661 1550 725; baseline 0 -16"><span class='ocrx_word' id='word_1_44' title='bbox 160 668 325 712; x_wconf 85' lang='lat' dir='ltr'>motus</span> <span class='ocrx_word' id='word_1_45' title='bbox 346 661 607 725; x_wconf 88' lang='lat' dir='ltr'>principi0.</span> <span class='ocrx_word' id='word_1_46' title='bbox 1547 707 1550 709; x_wconf 85' lang='grc'><em>,</em></span> 
     </span>
     <span class='ocr_line' id='line_1_7' title="bbox 215 736 1556 802; baseline 0.002 -17"><span class='ocrx_word' id='word_1_47' title='bbox 215 736 511 786; x_wconf 69' lang='grc' dir='ltr'>ι83(11111(111111</span> <span class='ocrx_word' id='word_1_48' title='bbox 529 745 622 796; x_wconf 85' lang='grc'><strong>331,</strong></span> <span class='ocrx_word' id='word_1_49' title='bbox 640 738 775 802; x_wconf 83' lang='grc' dir='ltr'><strong>(111οᾶ</strong></span> <span class='ocrx_word' id='word_1_50' title='bbox 793 738 835 786; x_wconf 86' lang='grc'>31</span> <span class='ocrx_word' id='word_1_51' title='bbox 850 739 958 802; x_wconf 87' lang='grc'><strong>(11113</strong></span> <span class='ocrx_word' id='word_1_52' title='bbox 976 739 1097 787; x_wconf 91' lang='lat' dir='ltr'>tubo</span> <span class='ocrx_word' id='word_1_53' title='bbox 1122 746 1294 787; x_wconf 91' lang='lat' dir='ltr'>utatur</span> <span class='ocrx_word' id='word_1_54' title='bbox 1309 739 1556 800; x_wconf 84' lang='lat' dir='ltr'>breviore,</span> 
     </span>
    </p>

    <p class='ocr_par' dir='ltr' id='par_1_7' title="bbox 68 811 1555 879">
     <span class='ocr_line' id='line_1_8' title="bbox 68 811 1555 879; baseline 0.003 -19"><span class='ocrx_word' id='word_1_55' title='bbox 68 871 70 873; x_wconf 21' lang='grc' dir='ltr'>Ι</span> <span class='ocrx_word' id='word_1_56' title='bbox 158 811 248 863; x_wconf 76' lang='lat' dir='ltr'>sed</span> <span class='ocrx_word' id='word_1_57' title='bbox 260 813 401 877; x_wconf 85' lang='lat' dir='ltr'>cujus</span> <span class='ocrx_word' id='word_1_58' title='bbox 424 829 479 861; x_wconf 91' lang='lat' dir='ltr'>os</span> <span class='ocrx_word' id='word_1_59' title='bbox 495 813 718 877; x_wconf 89' lang='lat' dir='ltr'>loquenti</span> <span class='ocrx_word' id='word_1_60' title='bbox 742 815 1004 863; x_wconf 88' lang='lat' dir='ltr'>obversum</span> <span class='ocrx_word' id='word_1_61' title='bbox 1020 815 1177 878; x_wconf 84' lang='lat' dir='ltr'>magis</span> <span class='ocrx_word' id='word_1_62' title='bbox 1200 823 1384 878; x_wconf 87' lang='lat' dir='ltr'>pateat,</span> <span class='ocrx_word' id='word_1_63' title='bbox 1407 832 1555 879; x_wconf 89' lang='lat' dir='ltr'>quam</span> 
     </span>
    </p>

    <p class='ocr_par' dir='ltr' id='par_1_8' title="bbox 70 888 1557 954">
     <span class='ocr_line' id='line_1_9' title="bbox 70 888 1557 954; baseline 0.001 -15"><span class='ocrx_word' id='word_1_64' title='bbox 70 911 77 927; x_wconf 57' lang='grc' dir='ltr'>ι’</span> <span class='ocrx_word' id='word_1_65' title='bbox 161 888 295 952; x_wconf 80' lang='lat' dir='ltr'>quod</span> <span class='ocrx_word' id='word_1_66' title='bbox 316 888 382 938; x_wconf 84' lang='lat' dir='ltr'>ad</span> <span class='ocrx_word' id='word_1_67' title='bbox 402 905 574 937; x_wconf 84' lang='lat' dir='ltr'>aurem</span> <span class='ocrx_word' id='word_1_68' title='bbox 592 890 883 953; x_wconf 85' lang='lat' dir='ltr'>applicatur,</span> <span class='ocrx_word' id='word_1_69' title='bbox 901 890 970 938; x_wconf 91' lang='lat' dir='ltr'>sic</span> <span class='ocrx_word' id='word_1_70' title='bbox 991 890 1138 938; x_wconf 88' lang='lat' dir='ltr'>etiam</span> <span class='ocrx_word' id='word_1_71' title='bbox 1157 898 1385 954; x_wconf 86' lang='lat' dir='ltr'>receptus</span> <span class='ocrx_word' id='word_1_72' title='bbox 1405 907 1557 940; x_wconf 89' lang='lat' dir='ltr'>sonus</span> 
     </span>
    </p>

    <p class='ocr_par' dir='ltr' id='par_1_9' title="bbox 157 964 1556 1030">
     <span class='ocr_line' id='line_1_10' title="bbox 157 964 1556 1030; baseline 0.001 -15"><span class='ocrx_word' id='word_1_73' title='bbox 157 964 338 1021; x_wconf 80' lang='lat' dir='ltr'>fortior</span> <span class='ocrx_word' id='word_1_74' title='bbox 360 965 470 1023; x_wconf 89' lang='lat' dir='ltr'>erit,</span> <span class='ocrx_word' id='word_1_75' title='bbox 499 981 647 1030; x_wconf 84' lang='lat' dir='ltr'>quam</span> <span class='ocrx_word' id='word_1_76' title='bbox 676 981 768 1030; x_wconf 90' lang='lat' dir='ltr'>per</span> <span class='ocrx_word' id='word_1_77' title='bbox 800 982 965 1014; x_wconf 83' lang='lat' dir='ltr'>aerem</span> <span class='ocrx_word' id='word_1_78' title='bbox 999 973 1239 1030; x_wconf 87' lang='lat' dir='ltr'>apertum.</span> <span class='ocrx_word' id='word_1_79' title='bbox 1309 967 1374 1015; x_wconf 92' lang='lat' dir='ltr'>Et</span> <span class='ocrx_word' id='word_1_80' title='bbox 1406 983 1556 1016; x_wconf 85' lang='lat' dir='ltr'>causa</span> 
     </span>
    </p>

    <p class='ocr_par' dir='ltr' id='par_1_10' title="bbox 159 1041 1556 1106">
     <span class='ocr_line' id='line_1_11' title="bbox 159 1041 1556 1106; baseline 0 -14"><span class='ocrx_word' id='word_1_81' title='bbox 159 1041 332 1098; x_wconf 75' lang='lat' dir='ltr'>eadem</span> <span class='ocrx_word' id='word_1_82' title='bbox 355 1048 444 1101; x_wconf 89' lang='lat' dir='ltr'>est,</span> <span class='ocrx_word' id='word_1_83' title='bbox 479 1058 674 1106; x_wconf 89' lang='lat' dir='ltr'>nempe,</span> <span class='ocrx_word' id='word_1_84' title='bbox 705 1042 839 1106; x_wconf 92' lang='lat' dir='ltr'>quod</span> <span class='ocrx_word' id='word_1_85' title='bbox 870 1050 1012 1090; x_wconf 90' lang='lat' dir='ltr'>tanto</span> <span class='ocrx_word' id='word_1_86' title='bbox 1047 1043 1210 1091; x_wconf 89' lang='lat' dir='ltr'>minus</span> <span class='ocrx_word' id='word_1_87' title='bbox 1244 1042 1556 1103; x_wconf 85' lang='lat' dir='ltr'>diffunditur,</span> 
     </span>
    </p>

    <p class='ocr_par' dir='ltr' id='par_1_11' title="bbox 158 1118 1555 1182">
     <span class='ocr_line' id='line_1_12' title="bbox 158 1118 1555 1182; baseline 0.001 -16"><span class='ocrx_word' id='word_1_88' title='bbox 158 1125 348 1181; x_wconf 82' lang='lat' dir='ltr'>quanto</span> <span class='ocrx_word' id='word_1_89' title='bbox 370 1118 478 1166; x_wconf 90' lang='lat' dir='ltr'>tubi</span> <span class='ocrx_word' id='word_1_90' title='bbox 501 1134 556 1166; x_wconf 94' lang='lat' dir='ltr'>os</span> <span class='ocrx_word' id='word_1_91' title='bbox 578 1118 803 1182; x_wconf 87' lang='lat' dir='ltr'>patulum</span> <span class='ocrx_word' id='word_1_92' title='bbox 821 1134 851 1166; x_wconf 87' lang='lat' dir='ltr'>a</span> <span class='ocrx_word' id='word_1_93' title='bbox 873 1119 979 1166; x_wconf 91' lang='lat' dir='ltr'>soni</span> <span class='ocrx_word' id='word_1_94' title='bbox 1004 1119 1192 1182; x_wconf 87' lang='lat' dir='ltr'>origine</span> <span class='ocrx_word' id='word_1_95' title='bbox 1212 1119 1374 1167; x_wconf 91' lang='lat' dir='ltr'>minus</span> <span class='ocrx_word' id='word_1_96' title='bbox 1398 1119 1555 1168; x_wconf 84' lang='lat' dir='ltr'>abest.</span> 
     </span>
    </p>

    <p class='ocr_par' dir='ltr' id='par_1_12' title="bbox 226 1194 1557 1259">
     <span class='ocr_line' id='line_1_13' title="bbox 226 1194 1557 1259; baseline 0.002 -17"><span class='ocrx_word' id='word_1_97' title='bbox 226 1194 449 1248; x_wconf 85' lang='lat' dir='ltr'>Tertium</span> <span class='ocrx_word' id='word_1_98' title='bbox 494 1201 584 1254; x_wconf 90' lang='lat' dir='ltr'>est,</span> <span class='ocrx_word' id='word_1_99' title='bbox 622 1194 756 1259; x_wconf 90' lang='lat' dir='ltr'>quod</span> <span class='ocrx_word' id='word_1_100' title='bbox 789 1195 981 1243; x_wconf 86' lang='lat' dir='ltr'>facilius</span> <span class='ocrx_word' id='word_1_101' title='bbox 1024 1204 1098 1243; x_wconf 93' lang='lat' dir='ltr'>est</span> <span class='ocrx_word' id='word_1_102' title='bbox 1134 1196 1286 1243; x_wconf 89' lang='lat' dir='ltr'>stanti</span> <span class='ocrx_word' id='word_1_103' title='bbox 1323 1195 1458 1243; x_wconf 92' lang='lat' dir='ltr'>intus</span> <span class='ocrx_word' id='word_1_104' title='bbox 1504 1196 1557 1244; x_wconf 92' lang='lat' dir='ltr'>in</span> 
     </span>
    </p>

    <p class='ocr_par' dir='ltr' id='par_1_13' title="bbox 158 1270 1560 1716">
     <span class='ocr_line' id='line_1_14' title="bbox 160 1270 1558 1334; baseline 0 -15"><span class='ocrx_word' id='word_1_105' title='bbox 160 1270 388 1324; x_wconf 88' lang='lat' dir='ltr'>cubiculo</span> <span class='ocrx_word' id='word_1_106' title='bbox 423 1287 484 1320; x_wconf 85' lang='lat' dir='ltr'>ea</span> <span class='ocrx_word' id='word_1_107' title='bbox 521 1270 770 1330; x_wconf 87' lang='lat' dir='ltr'>exaudire,</span> <span class='ocrx_word' id='word_1_108' title='bbox 813 1287 924 1334; x_wconf 88' lang='lat' dir='ltr'>quae</span> <span class='ocrx_word' id='word_1_109' title='bbox 962 1271 1193 1319; x_wconf 89' lang='lat' dir='ltr'>dicuntur</span> <span class='ocrx_word' id='word_1_110' title='bbox 1231 1271 1368 1330; x_wconf 90' lang='lat' dir='ltr'>foris,</span> <span class='ocrx_word' id='word_1_111' title='bbox 1410 1287 1558 1334; x_wconf 85' lang='lat' dir='ltr'>quam</span> 
     </span>
     <span class='ocr_line' id='line_1_15' title="bbox 159 1345 1558 1411; baseline 0 -16"><span class='ocrx_word' id='word_1_112' title='bbox 159 1345 280 1395; x_wconf 89' lang='lat' dir='ltr'>foris</span> <span class='ocrx_word' id='word_1_113' title='bbox 303 1347 456 1396; x_wconf 85' lang='lat' dir='ltr'>stanti</span> <span class='ocrx_word' id='word_1_114' title='bbox 483 1363 542 1396; x_wconf 90' lang='lat' dir='ltr'>ea</span> <span class='ocrx_word' id='word_1_115' title='bbox 565 1364 675 1411; x_wconf 88' lang='lat' dir='ltr'>quae</span> <span class='ocrx_word' id='word_1_116' title='bbox 701 1347 863 1403; x_wconf 90' lang='lat' dir='ltr'>intus;</span> <span class='ocrx_word' id='word_1_117' title='bbox 901 1355 1017 1396; x_wconf 90' lang='lat' dir='ltr'>sunt</span> <span class='ocrx_word' id='word_1_118' title='bbox 1054 1348 1187 1396; x_wconf 90' lang='lat' dir='ltr'>enim</span> <span class='ocrx_word' id='word_1_119' title='bbox 1219 1347 1450 1396; x_wconf 86' lang='lat' dir='ltr'>fenestrae</span> <span class='ocrx_word' id='word_1_120' title='bbox 1481 1348 1558 1396; x_wconf 90' lang='lat' dir='ltr'>vel</span> 
     </span>
     <span class='ocr_line' id='line_1_16' title="bbox 158 1422 1557 1487; baseline 0.001 -16"><span class='ocrx_word' id='word_1_121' title='bbox 158 1422 250 1478; x_wconf 86' lang='grc'><strong>3111</strong></span> <span class='ocrx_word' id='word_1_122' title='bbox 267 1423 474 1487; x_wconf 76' lang='lat' dir='ltr'>quilibet</span> <span class='ocrx_word' id='word_1_123' title='bbox 496 1424 619 1472; x_wconf 91' lang='lat' dir='ltr'>moti</span> <span class='ocrx_word' id='word_1_124' title='bbox 651 1423 779 1472; x_wconf 86' lang='lat' dir='ltr'>aeris</span> <span class='ocrx_word' id='word_1_125' title='bbox 803 1424 981 1483; x_wconf 88' lang='lat' dir='ltr'>aditus,</span> <span class='ocrx_word' id='word_1_126' title='bbox 1005 1439 1095 1487; x_wconf 92' lang='lat' dir='ltr'>pro</span> <span class='ocrx_word' id='word_1_127' title='bbox 1119 1423 1227 1471; x_wconf 90' lang='lat' dir='ltr'>tubi</span> <span class='ocrx_word' id='word_1_128' title='bbox 1252 1440 1336 1471; x_wconf 92' lang='lat' dir='ltr'>ore</span> <span class='ocrx_word' id='word_1_129' title='bbox 1371 1424 1557 1487; x_wconf 89' lang='lat' dir='ltr'>patulo.</span> 
     </span>
     <span class='ocr_line' id='line_1_17' title="bbox 159 1499 1560 1564; baseline 0 -17"><span class='ocrx_word' id='word_1_130' title='bbox 159 1499 225 1547; x_wconf 93' lang='lat' dir='ltr'>Et</span> <span class='ocrx_word' id='word_1_131' title='bbox 244 1499 403 1549; x_wconf 86' lang='lat' dir='ltr'>videri</span> <span class='ocrx_word' id='word_1_132' title='bbox 428 1506 594 1564; x_wconf 87' lang='lat' dir='ltr'>potest</span> <span class='ocrx_word' id='word_1_133' title='bbox 617 1501 766 1549; x_wconf 86' lang='lat' dir='ltr'>etiam</span> <span class='ocrx_word' id='word_1_134' title='bbox 789 1501 851 1549; x_wconf 89' lang='lat' dir='ltr'>ab</span> <span class='ocrx_word' id='word_1_135' title='bbox 880 1516 939 1548; x_wconf 90' lang='lat' dir='ltr'>ea</span> <span class='ocrx_word' id='word_1_136' title='bbox 962 1515 1109 1548; x_wconf 89' lang='lat' dir='ltr'>causa</span> <span class='ocrx_word' id='word_1_137' title='bbox 1131 1499 1321 1547; x_wconf 89' lang='lat' dir='ltr'>auditui</span> <span class='ocrx_word' id='word_1_138' title='bbox 1345 1516 1560 1562; x_wconf 90' lang='lat' dir='ltr'>quorun-</span> 
     </span>
     <span class='ocr_line' id='line_1_18' title="bbox 161 1573 1559 1639; baseline -0.001 -15"><span class='ocrx_word' id='word_1_139' title='bbox 161 1573 277 1624; x_wconf 80' lang='lat' dir='ltr'>dam</span> <span class='ocrx_word' id='word_1_140' title='bbox 311 1576 596 1627; x_wconf 81' lang='lat' dir='ltr'>animalium</span> <span class='ocrx_word' id='word_1_141' title='bbox 625 1592 727 1625; x_wconf 90' lang='lat' dir='ltr'>non</span> <span class='ocrx_word' id='word_1_142' title='bbox 750 1577 1066 1625; x_wconf 87' lang='lat' dir='ltr'>mediocriter</span> <span class='ocrx_word' id='word_1_143' title='bbox 1086 1575 1336 1639; x_wconf 79' lang='lat' dir='ltr'>prodesse,</span> <span class='ocrx_word' id='word_1_144' title='bbox 1362 1575 1495 1639; x_wconf 93' lang='lat' dir='ltr'>quod</span> <span class='ocrx_word' id='word_1_145' title='bbox 1529 1591 1559 1623; x_wconf 84' lang='lat' dir='ltr'>a</span> 
     </span>
     <span class='ocr_line' id='line_1_19' title="bbox 159 1651 1467 1716; baseline -0.002 -16"><span class='ocrx_word' id='word_1_146' title='bbox 159 1658 339 1702; x_wconf 82' lang='lat' dir='ltr'>natura</span> <span class='ocrx_word' id='word_1_147' title='bbox 358 1652 541 1716; x_wconf 84' lang='lat' dir='ltr'>patulis</span> <span class='ocrx_word' id='word_1_148' title='bbox 565 1659 615 1701; x_wconf 89' lang='lat' dir='ltr'>et</span> <span class='ocrx_word' id='word_1_149' title='bbox 637 1653 900 1716; x_wconf 89' lang='lat' dir='ltr'>capacibus</span> <span class='ocrx_word' id='word_1_150' title='bbox 925 1652 1123 1700; x_wconf 88' lang='lat' dir='ltr'>auribus</span> <span class='ocrx_word' id='word_1_151' title='bbox 1148 1651 1332 1699; x_wconf 87' lang='lat' dir='ltr'>donata</span> <span class='ocrx_word' id='word_1_152' title='bbox 1354 1651 1467 1699; x_wconf 90' lang='lat' dir='ltr'>sint.</span> 
     </span>
    </p>

    <p class='ocr_par' dir='ltr' id='par_1_14' title="bbox 155 1726 1562 2324">
     <span class='ocr_line' id='line_1_20' title="bbox 209 1726 1559 1793; baseline -0.003 -15"><span class='ocrx_word' id='word_1_153' title='bbox 209 1728 476 1778; x_wconf 75' lang='lat' dir='ltr'>Quartum</span> <span class='ocrx_word' id='word_1_154' title='bbox 498 1735 589 1788; x_wconf 91' lang='lat' dir='ltr'>est,</span> <span class='ocrx_word' id='word_1_155' title='bbox 614 1729 748 1793; x_wconf 89' lang='lat' dir='ltr'>quod</span> <span class='ocrx_word' id='word_1_156' title='bbox 770 1729 822 1777; x_wconf 92' lang='lat' dir='ltr'>in</span> <span class='ocrx_word' id='word_1_157' title='bbox 844 1729 991 1777; x_wconf 92' lang='lat' dir='ltr'>litore</span> <span class='ocrx_word' id='word_1_158' title='bbox 1014 1727 1166 1775; x_wconf 86' lang='lat' dir='ltr'>maris</span> <span class='ocrx_word' id='word_1_159' title='bbox 1198 1726 1429 1774; x_wconf 83' lang='lat' dir='ltr'>existenti</span> <span class='ocrx_word' id='word_1_160' title='bbox 1457 1726 1559 1774; x_wconf 91' lang='lat' dir='ltr'>col-</span> 
     </span>
     <span class='ocr_line' id='line_1_21' title="bbox 155 1802 1562 1867; baseline -0.004 -12"><span class='ocrx_word' id='word_1_161' title='bbox 155 1803 269 1855; x_wconf 75' lang='lat' dir='ltr'>-lisio</span> <span class='ocrx_word' id='word_1_162' title='bbox 294 1803 503 1857; x_wconf 85' lang='lat' dir='ltr'>duorum</span> <span class='ocrx_word' id='word_1_163' title='bbox 527 1805 770 1853; x_wconf 88' lang='lat' dir='ltr'>fluctuum</span> <span class='ocrx_word' id='word_1_164' title='bbox 792 1820 856 1852; x_wconf 91' lang='lat' dir='ltr'>ne</span> <span class='ocrx_word' id='word_1_165' title='bbox 878 1820 904 1852; x_wconf 96' lang='lat' dir='ltr'>e</span> <span class='ocrx_word' id='word_1_166' title='bbox 928 1803 1154 1867; x_wconf 84' lang='lat' dir='ltr'>proximo</span> <span class='ocrx_word' id='word_1_167' title='bbox 1181 1802 1381 1866; x_wconf 91' lang='lat' dir='ltr'>quidem</span> <span class='ocrx_word' id='word_1_168' title='bbox 1412 1818 1562 1850; x_wconf 88' lang='lat' dir='ltr'>exau-</span> 
     </span>
     <span class='ocr_line' id='line_1_22' title="bbox 161 1878 1560 1943; baseline -0.003 -14"><span class='ocrx_word' id='word_1_169' title='bbox 161 1878 258 1934; x_wconf 77' lang='lat' dir='ltr'>diri</span> <span class='ocrx_word' id='word_1_170' title='bbox 278 1886 458 1943; x_wconf 89' lang='lat' dir='ltr'>potest,</span> <span class='ocrx_word' id='word_1_171' title='bbox 483 1896 598 1928; x_wconf 89' lang='lat' dir='ltr'>cum</span> <span class='ocrx_word' id='word_1_172' title='bbox 619 1887 786 1928; x_wconf 83' lang='lat' dir='ltr'>tamen</span> <span class='ocrx_word' id='word_1_173' title='bbox 810 1879 963 1927; x_wconf 90' lang='lat' dir='ltr'>totius</span> <span class='ocrx_word' id='word_1_174' title='bbox 988 1878 1137 1926; x_wconf 90' lang='lat' dir='ltr'>maris</span> <span class='ocrx_word' id='word_1_175' title='bbox 1161 1878 1369 1926; x_wconf 90' lang='lat' dir='ltr'>sentitur</span> <span class='ocrx_word' id='word_1_176' title='bbox 1386 1878 1560 1942; x_wconf 85' lang='lat' dir='ltr'>ingens</span> 
     </span>
     <span class='ocr_line' id='line_1_23' title="bbox 157 1953 1559 2019; baseline -0.003 -15"><span class='ocrx_word' id='word_1_177' title='bbox 157 1955 400 2005; x_wconf 61' lang='lat' dir='ltr'>fremitus.</span> <span class='ocrx_word' id='word_1_178' title='bbox 493 1956 652 2004; x_wconf 87' lang='lat' dir='ltr'>Causa</span> <span class='ocrx_word' id='word_1_179' title='bbox 697 1957 836 2019; x_wconf 89' lang='lat' dir='ltr'>cujus</span> <span class='ocrx_word' id='word_1_180' title='bbox 883 1955 955 2002; x_wconf 90' lang='lat' dir='ltr'>rei</span> <span class='ocrx_word' id='word_1_181' title='bbox 1003 1954 1197 2002; x_wconf 89' lang='lat' dir='ltr'>videtur</span> <span class='ocrx_word' id='word_1_182' title='bbox 1255 1970 1376 2012; x_wconf 91' lang='lat' dir='ltr'>esse,</span> <span class='ocrx_word' id='word_1_183' title='bbox 1425 1953 1559 2016; x_wconf 90' lang='lat' dir='ltr'>quod</span> 
     </span>
     <span class='ocr_line' id='line_1_24' title="bbox 161 2030 1560 2095; baseline -0.003 -15"><span class='ocrx_word' id='word_1_184' title='bbox 161 2031 440 2080; x_wconf 91' lang='lat' dir='ltr'>collisiones</span> <span class='ocrx_word' id='word_1_185' title='bbox 478 2031 701 2095; x_wconf 87' lang='lat' dir='ltr'>singulae,</span> <span class='ocrx_word' id='word_1_186' title='bbox 740 2031 834 2079; x_wconf 88' lang='lat' dir='ltr'>etsi</span> <span class='ocrx_word' id='word_1_187' title='bbox 870 2030 1145 2078; x_wconf 87' lang='lat' dir='ltr'>sensorium</span> <span class='ocrx_word' id='word_1_188' title='bbox 1175 2036 1422 2088; x_wconf 87' lang='lat' dir='ltr'>moveant,</span> <span class='ocrx_word' id='word_1_189' title='bbox 1458 2045 1560 2076; x_wconf 88' lang='lat' dir='ltr'>non</span> 
     </span>
     <span class='ocr_line' id='line_1_25' title="bbox 161 2104 1559 2170; baseline -0.004 -14"><span class='ocrx_word' id='word_1_190' title='bbox 161 2115 278 2157; x_wconf 89' lang='lat' dir='ltr'>sunt</span> <span class='ocrx_word' id='word_1_191' title='bbox 299 2115 468 2156; x_wconf 83' lang='lat' dir='ltr'>tamen</span> <span class='ocrx_word' id='word_1_192' title='bbox 501 2107 620 2157; x_wconf 89' lang='lat' dir='ltr'>satis</span> <span class='ocrx_word' id='word_1_193' title='bbox 642 2123 837 2170; x_wconf 83' lang='lat' dir='ltr'>magnae</span> <span class='ocrx_word' id='word_1_194' title='bbox 866 2105 931 2154; x_wconf 88' lang='lat' dir='ltr'>ad</span> <span class='ocrx_word' id='word_1_195' title='bbox 952 2104 1230 2154; x_wconf 88' lang='lat' dir='ltr'>faciendam</span> <span class='ocrx_word' id='word_1_196' title='bbox 1253 2104 1529 2152; x_wconf 91' lang='lat' dir='ltr'>sensionem</span> <span class='ocrx_word' id='word_1_197' title='bbox 1547 2125 1559 2159; x_wconf 92' lang='lat'>;</span> 
     </span>
     <span class='ocr_line' id='line_1_26' title="bbox 162 2180 1561 2248; baseline -0.004 -15"><span class='ocrx_word' id='word_1_198' title='bbox 162 2184 282 2248; x_wconf 84' lang='lat' dir='ltr'>quin</span> <span class='ocrx_word' id='word_1_199' title='bbox 322 2190 488 2232; x_wconf 87' lang='lat' dir='ltr'>autem</span> <span class='ocrx_word' id='word_1_200' title='bbox 529 2189 722 2231; x_wconf 77' lang='lat' dir='ltr'>cunctae</span> <span class='ocrx_word' id='word_1_201' title='bbox 765 2181 909 2230; x_wconf 90' lang='lat' dir='ltr'>simul</span> <span class='ocrx_word' id='word_1_202' title='bbox 962 2181 1147 2230; x_wconf 88' lang='lat' dir='ltr'>faciant</span> <span class='ocrx_word' id='word_1_203' title='bbox 1193 2196 1385 2239; x_wconf 89' lang='lat' dir='ltr'>sonum,</span> <span class='ocrx_word' id='word_1_204' title='bbox 1437 2180 1561 2228; x_wconf 90' lang='lat' dir='ltr'>nihil</span> 
     </span>
     <span class='ocr_line' id='line_1_27' title="bbox 161 2259 382 2324; baseline -0.014 -14"><span class='ocrx_word' id='word_1_205' title='bbox 161 2259 382 2324; x_wconf 80' lang='lat' dir='ltr'>impedit.</span> 
     </span>
    </p>

    <p class='ocr_par' dir='ltr' id='par_1_15' title="bbox 49 2331 1821 2856">
     <span class='ocr_line' id='line_1_28' title="bbox 229 2331 1821 2398; baseline -0.004 -14"><span class='ocrx_word' id='word_1_206' title='bbox 229 2341 279 2385; x_wconf 88' lang='grc'>3.</span> <span class='ocrx_word' id='word_1_207' title='bbox 305 2334 456 2384; x_wconf 77' lang='lat' dir='ltr'>Quod</span> <span class='ocrx_word' id='word_1_208' title='bbox 469 2349 732 2398; x_wconf 88' lang='lat' dir='ltr'>corporum</span> <span class='ocrx_word' id='word_1_209' title='bbox 753 2348 1099 2397; x_wconf 88' lang='lat' dir='ltr'>percussorum</span> <span class='ocrx_word' id='word_1_210' title='bbox 1117 2331 1251 2380; x_wconf 88' lang='lat' dir='ltr'>aliud</span> <span class='ocrx_word' id='word_1_211' title='bbox 1264 2333 1557 2395; x_wconf 82' lang='lat' dir='ltr'>graviorem,</span> <span class='ocrx_word' id='word_1_212' title='bbox 1576 2342 1733 2393; x_wconf 72' lang='lat' dir='ltr'>Sfmorum</span> <span class='ocrx_word' id='word_1_213' title='bbox 1748 2353 1821 2393; x_wconf 60' lang='lat' dir='ltr'>gya-</span> 
     </span>
     <span class='ocr_line' id='line_1_29' title="bbox 162 2391 1793 2472; baseline 0.001 -12"><span class='ocrx_word' id='word_1_214' title='bbox 162 2411 297 2460; x_wconf 82' lang='lat' dir='ltr'>aliud</span> <span class='ocrx_word' id='word_1_215' title='bbox 318 2411 589 2460; x_wconf 82' lang='lat' dir='ltr'>acutiorem</span> <span class='ocrx_word' id='word_1_216' title='bbox 613 2426 789 2459; x_wconf 90' lang='lat' dir='ltr'>sonum</span> <span class='ocrx_word' id='word_1_217' title='bbox 815 2409 979 2467; x_wconf 85' lang='lat' dir='ltr'>efficit,</span> <span class='ocrx_word' id='word_1_218' title='bbox 1008 2409 1060 2456; x_wconf 90' lang='lat' dir='ltr'>in</span> <span class='ocrx_word' id='word_1_219' title='bbox 1084 2425 1232 2456; x_wconf 86' lang='lat' dir='ltr'>causa</span> <span class='ocrx_word' id='word_1_220' title='bbox 1261 2425 1365 2457; x_wconf 86' lang='lat' dir='ltr'>esse</span> <span class='ocrx_word' id='word_1_221' title='bbox 1395 2416 1560 2472; x_wconf 91' lang='lat' dir='ltr'>potest</span> <span class='ocrx_word' id='word_1_222' title='bbox 1575 2391 1793 2461; x_wconf 47' lang='lat' dir='ltr'>iiirssrtexitciff’</span> 
     </span>
     <span class='ocr_line' id='line_1_30' title="bbox 163 2484 1558 2551; baseline -0.003 -15"><span class='ocrx_word' id='word_1_223' title='bbox 163 2487 440 2537; x_wconf 86' lang='lat' dir='ltr'>differentia</span> <span class='ocrx_word' id='word_1_224' title='bbox 456 2495 753 2551; x_wconf 89' lang='lat' dir='ltr'>temporum,</span> <span class='ocrx_word' id='word_1_225' title='bbox 785 2486 838 2533; x_wconf 91' lang='lat' dir='ltr'>in</span> <span class='ocrx_word' id='word_1_226' title='bbox 862 2485 1038 2549; x_wconf 91' lang='lat' dir='ltr'>quibus</span> <span class='ocrx_word' id='word_1_227' title='bbox 1061 2484 1366 2548; x_wconf 89' lang='lat' dir='ltr'>temporibus</span> <span class='ocrx_word' id='word_1_228' title='bbox 1392 2492 1558 2548; x_wconf 86' lang='lat' dir='ltr'>partes</span> 
     </span>
     <span class='ocr_line' id='line_1_31' title="bbox 49 2561 1560 2628; baseline -0.002 -15"><span class='ocrx_word' id='word_1_229' title='bbox 49 2595 51 2602; x_wconf 52' lang='grc' dir='ltr'><strong><em>ι</em></strong></span> <span class='ocrx_word' id='word_1_230' title='bbox 98 2591 101 2594; x_wconf 93' lang='grc'><strong>-</strong></span> <span class='ocrx_word' id='word_1_231' title='bbox 161 2579 407 2628; x_wconf 84' lang='lat' dir='ltr'>percussae</span> <span class='ocrx_word' id='word_1_232' title='bbox 436 2564 655 2627; x_wconf 90' lang='lat' dir='ltr'>locisque</span> <span class='ocrx_word' id='word_1_233' title='bbox 683 2563 781 2610; x_wconf 85' lang='lat' dir='ltr'>suis</span> <span class='ocrx_word' id='word_1_234' title='bbox 804 2562 956 2625; x_wconf 86' lang='lat' dir='ltr'>pulsae</span> <span class='ocrx_word' id='word_1_235' title='bbox 976 2561 1040 2609; x_wconf 88' lang='lat' dir='ltr'>ad</span> <span class='ocrx_word' id='word_1_236' title='bbox 1063 2561 1235 2609; x_wconf 89' lang='lat' dir='ltr'>eadem</span> <span class='ocrx_word' id='word_1_237' title='bbox 1258 2561 1366 2609; x_wconf 88' lang='lat' dir='ltr'>loca</span> <span class='ocrx_word' id='word_1_238' title='bbox 1392 2577 1560 2610; x_wconf 89' lang='lat' dir='ltr'>rursus</span> 
     </span>
     <span class='ocr_line' id='line_1_32' title="bbox 51 2637 1558 2703; baseline -0.001 -15"><span class='ocrx_word' id='word_1_239' title='bbox 51 2676 54 2683; x_wconf 85' lang='grc'>.</span> <span class='ocrx_word' id='word_1_240' title='bbox 83 2695 87 2698; x_wconf 44' lang='grc'><em>,</em></span> <span class='ocrx_word' id='word_1_241' title='bbox 162 2640 387 2693; x_wconf 85' lang='lat' dir='ltr'>redeunt.</span> <span class='ocrx_word' id='word_1_242' title='bbox 474 2640 605 2689; x_wconf 85' lang='lat' dir='ltr'>Nam</span> <span class='ocrx_word' id='word_1_243' title='bbox 643 2639 859 2703; x_wconf 89' lang='lat' dir='ltr'>partium</span> <span class='ocrx_word' id='word_1_244' title='bbox 894 2644 1140 2685; x_wconf 85' lang='lat' dir='ltr'>motarum</span> <span class='ocrx_word' id='word_1_245' title='bbox 1181 2637 1232 2684; x_wconf 87' lang='lat' dir='ltr'>in</span> <span class='ocrx_word' id='word_1_246' title='bbox 1271 2637 1558 2700; x_wconf 91' lang='lat' dir='ltr'>corporibus</span> 
     </span>
     <span class='ocr_line' id='line_1_33' title="bbox 161 2712 1556 2782; baseline -0.005 -16"><span class='ocrx_word' id='word_1_247' title='bbox 161 2717 484 2782; x_wconf 80' lang='lat' dir='ltr'>aliisquidem</span> <span class='ocrx_word' id='word_1_248' title='bbox 502 2717 615 2776; x_wconf 87' lang='lat' dir='ltr'>cita,</span> <span class='ocrx_word' id='word_1_249' title='bbox 640 2716 692 2764; x_wconf 91' lang='lat' dir='ltr'>in</span> <span class='ocrx_word' id='word_1_250' title='bbox 711 2715 818 2763; x_wconf 88' lang='lat' dir='ltr'>aliis</span> <span class='ocrx_word' id='word_1_251' title='bbox 841 2713 983 2762; x_wconf 88' lang='lat' dir='ltr'>tarda</span> <span class='ocrx_word' id='word_1_252' title='bbox 1006 2720 1080 2761; x_wconf 90' lang='lat' dir='ltr'>est</span> <span class='ocrx_word' id='word_1_253' title='bbox 1096 2713 1362 2761; x_wconf 65' lang='lat' dir='ltr'>restitutio</span> <span class='ocrx_word' id='word_1_254' title='bbox 1411 2712 1556 2761; x_wconf 87' lang='lat' dir='ltr'>Unde</span> 
     </span>
     <span class='ocr_line' id='line_1_34' title="bbox 165 2788 1556 2856; baseline -0.004 -14"><span class='ocrx_word' id='word_1_255' title='bbox 165 2793 314 2842; x_wconf 83' lang='lat' dir='ltr'>etiam</span> <span class='ocrx_word' id='word_1_256' title='bbox 347 2793 419 2852; x_wconf 91' lang='lat' dir='ltr'>fit,</span> <span class='ocrx_word' id='word_1_257' title='bbox 461 2800 519 2841; x_wconf 91' lang='lat' dir='ltr'>ut</span> <span class='ocrx_word' id='word_1_258' title='bbox 554 2799 718 2856; x_wconf 90' lang='lat' dir='ltr'>partes</span> <span class='ocrx_word' id='word_1_259' title='bbox 756 2790 928 2854; x_wconf 88' lang='lat' dir='ltr'>organi</span> <span class='ocrx_word' id='word_1_260' title='bbox 964 2806 996 2837; x_wconf 91' lang='lat' dir='ltr'>a</span> <span class='ocrx_word' id='word_1_261' title='bbox 1028 2788 1191 2837; x_wconf 85' lang='lat' dir='ltr'>medio</span> <span class='ocrx_word' id='word_1_262' title='bbox 1225 2795 1373 2837; x_wconf 88' lang='lat' dir='ltr'>motae</span> <span class='ocrx_word' id='word_1_263' title='bbox 1408 2788 1556 2837; x_wconf 92' lang='lat' dir='ltr'>modo</span> 
     </span>
    </p>
   </div>
   <div class='ocr_carea' id='block_1_3' title="bbox 156 2865 1557 2930">
    <p class='ocr_par' dir='ltr' id='par_1_16' title="bbox 156 2865 1557 2930">
     <span class='ocr_line' id='line_1_35' title="bbox 156 2865 1557 2930; baseline -0.004 -12"><span class='ocrx_word' id='word_1_264' title='bbox 156 2869 324 2930; x_wconf 75' lang='lat' dir='ltr'>citiuS,</span> <span class='ocrx_word' id='word_1_265' title='bbox 347 2869 496 2919; x_wconf 91' lang='lat' dir='ltr'>modo</span> <span class='ocrx_word' id='word_1_266' title='bbox 520 2868 709 2917; x_wconf 88' lang='lat' dir='ltr'>tardius</span> <span class='ocrx_word' id='word_1_267' title='bbox 733 2867 1097 2930; x_wconf 82' lang='lat' dir='ltr'>conquiescant.</span> <span class='ocrx_word' id='word_1_268' title='bbox 1169 2865 1368 2914; x_wconf 76' lang='lat' dir='ltr'>Quanto</span> <span class='ocrx_word' id='word_1_269' title='bbox 1393 2872 1557 2913; x_wconf 89' lang='lat' dir='ltr'>autem</span> 
     </span>
    </p>
   </div>
   <div class='ocr_carea' id='block_1_4' title="bbox 0 0 117 3256">
    <p class='ocr_par' dir='ltr' id='par_1_17' title="bbox 0 0 117 3256">
     <span class='ocr_line' id='line_1_36' title="bbox 0 0 117 3256; baseline 0 0"><span class='ocrx_word' id='word_1_270' title='bbox 0 0 117 3256; x_wconf 95' lang='lat' dir='ltr'> </span> 
     </span>
    </p>
   </div>
   <div class='ocr_carea' id='block_1_5' title="bbox 0 2458 3 3242">
    <p class='ocr_par' dir='ltr' id='par_1_18' title="bbox 0 2458 3 3242">
     <span class='ocr_line' id='line_1_37' title="bbox 0 2458 3 3242; baseline 0 0"><span class='ocrx_word' id='word_1_271' title='bbox 0 2458 3 3242; x_wconf 95' lang='lat' dir='ltr'> </span> 
     </span>
    </p>
   </div>
  </div>
 </body>
</html>
