1936 3262
529 236 600 269 DE
628 234 1052 269 PROPOSITIONE.
1423 217 1485 269 37

88 363 272 408 'ewen-5,
307 354 358 396 et
390 348 638 413 quoddam
669 364 844 396 eoeeum
867 352 945 394 est
967 345 1134 402 homo,
1154 358 1270 390 nam
1304 357 1483 389 nomen

87 431 364 488 »utrumque
421 424 628 488 alicujus
685 424 831 471 unius
889 430 939 470 et
999 419 1219 484 ejusdem
1271 417 1483 465 hominis

97 515 279 549 nomen
303 507 394 560 est,
423 500 633 564 ideoque
668 499 875 547 eandem
907 497 1168 546 veritatem
1203 493 1484 557 significant

97 591 335 625 eonnexae
357 576 546 630 utrovis
571 575 759 624 ordine.

169 653 244 707 17.
292 652 476 700 Earum
520 668 630 716 quae
675 650 914 698 terminos
963 647 1161 696 eosdem
1212 653 1263 694 et
1309 645 1482 693 eodem

95 727 271 776 ordine
292 728 496 792 positos,
534 727 622 775 sed
643 727 780 775 varia
803 724 1098 789 quantitate,
1133 722 1212 770 vel
1245 721 1483 786 qualitate

92 803 405 852 medificatos
427 803 629 862 habent,
649 803 756 851 aliae
781 802 1009 850 dicantur
1032 798 1348 856 subalternoe,
1374 797 1483 845 aliae

95 879 382 939 contrarioe,
402 879 509 928 aliae
529 877 907 936 subcontrarice,
928 876 1036 924 aliae
1056 874 1480 923 contradictoriae.

162 953 477 1003 Subalternae
499 962 631 1013 sunt,
650 953 940 1002 universalis
959 959 1010 1000 et
1022 950 1335 1016 particularis
1355 951 1482 1014 ejus-

93 1029 208 1078 dem
242 1030 512 1094 qualitatis,
546 1037 605 1078 ut
636 1029 790 1077 omni-s·
819 1029 955 1076 homo
990 1034 1068 1076 est
1103 1026 1294 1074 animal
1309 1045 1327 1081 ;
1375 1026 1483 1090 qui-

94 1106 210 1155 dam
228 1106 365 1155 homo
380 1112 458 1154 est
475 1105 664 1154 animal
671 1124 690 1160 ;
726 1106 805 1154 vel
824 1104 989 1152 nullus
1003 1104 1138 1151 homo
1154 1110 1231 1150 est
1249 1102 1454 1166 Sapiens
1463 1121 1481 1157 ;

93 1181 297 1246 quidam
319 1182 456 1230 homo
489 1199 585 1230 non
605 1188 682 1229 est
712 1181 933 1246 sapiens.
1006 1181 1198 1228 Harum
1223 1179 1263 1226 si
1285 1179 1482 1227 univer-

91 1258 208 1307 salis
230 1274 349 1307 vera
372 1266 463 1318 est,
488 1259 637 1306 etiam
658 1256 970 1321 particularis
993 1272 1112 1303 vera
1135 1255 1244 1303 erit.

164 1333 449 1383 Contrariae
483 1343 600 1383 sunt
634 1332 936 1381 universales
970 1331 1173 1379 diversae
1211 1331 1478 1395 qualitatis,

91 1417 150 1458 ut
163 1410 318 1458 omnis
333 1410 470 1458 homo
489 1416 568 1458 est
587 1409 762 1457 beatus
780 1428 799 1464 ;
835 1407 1001 1456 nullus
1026 1408 1163 1454 homo
1184 1414 1262 1454 est
1287 1407 1477 1455 beatus.

94 1486 288 1534 Harum
310 1485 353 1534 si
384 1501 485 1533 una
510 1501 628 1533 vera
664 1492 754 1543 est,
794 1484 950 1532 altera
986 1490 1062 1530 est
1097 1483 1235 1541 falsa,
1272 1490 1481 1546 possunt

94 1577 291 1626 quoque
316 1577 421 1610 esse
446 1561 603 1610 ambae
626 1560 761 1609 falsae
783 1567 841 1607 ut
864 1560 916 1607 in
940 1559 1162 1622 exemplo
1186 1559 1458 1622 proposito.

161 1635 537 1685 Subeontrarioe
572 1643 688 1684 sunt
722 1635 1045 1699 particulares
1083 1634 1289 1682 diversae
1325 1635 1481 1698 quali-

93 1712 228 1772 tatis,
265 1720 322 1761 ut
358 1712 560 1777 quidam
589 1711 724 1759 homo
761 1718 838 1759 est
873 1711 1064 1770 doctus,
1101 1710 1307 1775 quidam
1341 1711 1480 1759 homo

14 1803 30 1833 ‘a
91 1805 189 1837 non
204 1794 281 1836 est
300 1788 510 1843 doctus;
548 1805 659 1852 quae
678 1804 779 1836 non
798 1795 1008 1852 possunt
1027 1804 1133 1836 esse
1153 1787 1309 1835 ambae
1328 1787 1479 1846 falsae,

18 1854 31 1907 ’ἷί
93 1864 182 1913 sed
202 1871 412 1928 possunt
435 1864 593 1913 ambae
618 1879 724 1912 esse
747 1880 892 1912 verae.

165 1940 589 1988 Contradictorioe
614 1947 728 1988 sunt
753 1957 863 2004 quae
888 1939 1122 1988 differunt
1137 1946 1188 1988 et
1203 1939 1481 2003 quantitate

15 2011 23 2067 f
94 2022 146 2064 et
165 2016 419 2081 qualitate,
454 2024 512 2065 ut
544 2017 699 2064 omnis
734 2015 873 2063 lzomo
911 2021 989 2063 est
1030 2015 1235 2074 animal,
1278 2015 1482 2079 quidam

15 2094 40 2148 ’χ’
92 2091 233 2140 Immo
275 2104 371 2140 non
412 2098 490 2140 est
529 2091 750 2146 animast
788 2107 898 2155 quae
939 2107 1100 2155 neque
1141 2092 1298 2139 ambae
1334 2107 1480 2150 verae,

15 2182 22 2231 ᾗ
93 2183 254 2232 neque
278 2168 434 2216 ambae
453 2167 591 2216 falsae
615 2183 720 2215 esse
743 2175 967 2231 possunt.

167 2249 241 2292 18.
278 2244 555 2308 Propositio
593 2260 654 2291 ex
690 2243 879 2291 duabus
917 2243 1024 2291 aliis
1061 2243 1481 2307 propositionibus

13 2337 30 2394 ss
94 2319 233 2384 sequi
257 2319 454 2380 dieitur,
481 2318 678 2383 quando
704 2319 744 2367 si
762 2319 839 2366 hae
859 2335 986 2368 verae
1011 2335 1117 2367 esse
1141 2327 1482 2383 supponantur

70 2394 229 2444 'illam
263 2412 366 2444 non
403 2411 509 2444 esse
540 2411 708 2443 veram
745 2395 955 2458 supponi
992 2411 1094 2443 non
1133 2403 1315 2458 potest.
1383 2395 1482 2445 Ex-

94 2472 244 2536 empli
271 2488 434 2530 eausa,
469 2472 569 2520 sint
605 2471 714 2520 duae
748 2471 1112 2535 propositiones
1150 2471 1305 2518 omnis
1342 2470 1480 2519 homo

16 2547 26 2597 J
95 2554 174 2596 est
197 2548 401 2604 animal,
425 2555 476 2596 et
501 2565 637 2596 omne
661 2547 852 2595 animal
873 2554 950 2596 est
975 2564 1173 2612 corpus,
1205 2564 1314 2611 quae
1337 2547 1482 2596 intel-

93 2623 314 2688 ligantur
332 2639 437 2672 esse
455 2640 601 2683 verae,
618 2631 668 2672 et
686 2631 950 2688 propterea
973 2640 1156 2688 corpus
1175 2640 1481 2673 essevnomen

22 2715 42 2750 ξ
94 2700 480 2764 uniuscujusque
516 2700 739 2748 animalis
779 2707 830 2748 et
871 2699 1062 2747 animal
1096 2699 1480 2764 uniuscujusque

30 2769 34 2772 ⁵
94 2775 342 2831 hominis;
393 2776 625 2839 quoniam
670 2777 746 2824 his
793 2775 1073 2834 intellectiS,
1121 2776 1329 2840 intelligi
1378 2793 1479 2825 non

20 2902 22 2905 ,
96 2859 262 2915 potest
319 2868 497 2915 corpus
542 2868 643 2900 non
702 2868 808 2901 esse
866 2868 1045 2900 nomen
1096 2852 1480 2917 uniuscujusque

1552 361 1669 394 PARS
1688 364 1716 395 Ι.

1617 408 1648 439 3.

1501 508 1667 530 conversas

1502 542 1743 583 aequipollentes

1501 595 1582 616 esse.

1502 661 1584 694 Quae
1598 662 1663 693 sint

1501 705 1700 744 subalternae,

1500 750 1675 785 commriae,

1502 792 1735 830 subcontrariae,

1500 837 1765 868 contradictoriae.

1500 2240 1590 2274 Quid
1605 2243 1646 2274 sit

1498 2286 1740 2328 consequentia.
1802 2309 1806 2315 ,
