1910 3256
416 246 485 279 DE
515 246 773 291 FRIGORE,
800 246 1002 291 VENTO,
1029 246 1145 280 E'rc
1377 234 1471 287 387

61 373 62 376 ¹
86 351 339 419 diruptio
325 373 378 406 m
405 369 591 422 puncto
623 361 780 409 solum
812 362 920 409 fieri
950 360 1190 419 videat-ur,
1225 367 1274 408 et
1309 366 1474 424 partes
1534 362 1650 396 PARS
1666 362 1726 396 IV·

84 440 378 494 separaum
400 450 431 482 a
453 450 505 483 se
527 435 755 495 invicem,
783 437 942 500 primo
977 436 1174 501 quidem
1207 436 1473 484 exteriores
1538 452 1704 476 *vd

56 555 58 558 ,
88 505 142 559 in
165 507 389 569 circuitu,
412 519 527 574 post
549 519 714 560 autem
737 513 1007 561 successive
1029 511 1300 560 interiores
1359 512 1474 559 Post
1491 499 1737 585 ἓῗξξζξζῖζξζξι

51 610 55 612 ἡ
81 581 187 642 1118,
210 584 418 647 gradum
453 586 651 636 duritiei
684 589 920 652 majorem
953 588 1114 636 adhuc
1146 587 1298 635 habet
1332 603 1473 642 cera;
1493 598 1557 626 ⁰¹0›
1574 588 1633 618 &⁶-

53 676 57 715 ,·
86 659 219 711 hane
241 660 406 721 etiam,
430 662 626 725 quando
649 672 842 727 partem
874 665 977 728 ejus
1012 680 1042 712 a
1073 670 1213 728 parte
1247 663 1475 711 divellere

50 770 57 781 ,
89 735 330 795 volumus,
366 737 502 800 prius
548 746 866 787 extenuamus
911 746 1083 798 totam,
1131 755 1278 802 quam
1313 747 1476 802 partes

51 847 53 851 »
89 811 380 860 dirimimuS.
450 813 650 862 Quanto
677 822 843 863 autem
871 815 1039 863 durius
1073 823 1147 863 est
1176 814 1308 878 quod
1343 831 1477 862 rum-—

46 897 47 900 ’
89 887 308 953 pendum
331 897 420 948 est,
443 896 584 938 tanto
607 891 681 939 vis
708 892 866 955 major
896 899 970 939 est
1000 890 1292 939 adhibenda.
1362 890 1478 938 Pro-

77 963 312 1015 „oedendo
342 980 460 1028 ergo
493 965 558 1014 ad
589 966 788 1015 duriora
820 974 878 1015 ut
904 967 1063 1026 funes,
1087 967 1237 1031 ligna,
1261 967 1477 1025 metalla,

50 1063 55 1106 ss
82 1039 294 1104 lapides,
321 1040 469 1098 idem,
497 1042 589 1090 etsi
615 1059 718 1091 non
748 1059 941 1107 semper
976 1043 1285 1102 sensibiliter,
1309 1059 1479 1091 neces-

46 1118 48 1123 ’
87 1114 400 1167 auriotamen
417 1117 706 1182 contingere
725 1119 898 1167 suadet
915 1119 1244 1167 ratiocinatio.
1291 1119 1479 1167 Eodem

44 1209 62 1261 ῥ’
79 1207 211 1255 aergo
230 1191 402 1240 -mode
429 1202 725 1256 rumpuntur
760 1195 907 1242 etiam
939 1194 1212 1254 durissima,
1247 1195 1480 1243 nimirum

49 1266 52 1270 ’
77 1267 339 1319 solutione
361 1269 581 1317 continui
613 1270 762 1330 facta,
790 1271 966 1334 prim0,
1003 1271 1055 1319 in
1089 1272 1276 1320 ambitu
1316 1287 1482 1335 super-

87 1343 227 1395 flaici*
257 1344 470 1404 extimae,
505 1352 555 1394 et
592 1346 768 1395 deinde
804 1347 857 1395 in
897 1347 1121 1411 partibus
1166 1347 1480 1395 interioribus

44 1434 45 1458 1
87 1420 382 1470 successive.
431 1421 680 1480 Similiter,
697 1423 738 1471 si
754 1439 1016 1487 corporum
1029 1431 1194 1487 partes
1207 1440 1309 1472 non
1324 1423 1481 1471 divul-

78 1494 231 1546 »sione
253 1496 342 1545 sed
365 1496 672 1546 diffractione
707 1499 993 1548 dirimendae
1029 1500 1143 1559 sint,
1175 1516 1374 1548 necesse
1409 1508 1481 1548 est

34 1579 39 1606 ἲ
89 1568 258 1635 partes
305 1573 442 1636 prius
490 1573 711 1633 dissilire,
765 1591 871 1639 quae
917 1583 1032 1623 sunt
1065 1576 1129 1624 ad
1176 1576 1482 1640 superficiem

31 1672 37 1685 .-
78 1661 367 1701 -nonvexam
385 1649 504 1698 flexi
526 1651 762 1714 corporis,
788 1668 935 1714 quam
953 1651 1018 1699 ad
1035 1653 1342 1716 superficiem
1366 1669 1483 1700 con—

6 1753 13 1791 J.
86 1739 282 1773 cavam.
351 1723 482 1772 Nam
515 1725 568 1773 in
596 1727 731 1774 omni
766 1727 993 1784 flexione,
1029 1735 1104 1775 est
1136 1727 1189 1775 in
1227 1728 1483 1792 superficie

9 1794 11 1797 ¹
45 1849 47 1854 ,
85 1812 314 1855 ,convexa
346 1800 561 1864 partium
597 1809 800 1850 conatus
838 1802 902 1850 ad
937 1802 1309 1859 discessionem3
1346 1811 1398 1851 at
1432 1804 1483 1851 in

10 1915 13 1917 -
46 1880 47 1884 ’
86 1877 351 1942 superficie
374 1894 605 1938 concava,
629 1878 693 1926 ad
715 1886 937 1927 mutuam
958 1880 1364 1943 penetrationem.

46 1948 49 2015 J
162 1953 257 2003 His
292 1953 573 2013 intellectis,
612 1954 755 2002 reddi
795 1955 923 2003 ratio
967 1963 1149 2018 potest,
1193 1972 1343 2019 quare
1385 1956 1482 2004 duo

46 2047 47 2051 ¹
93 2044 320 2093 corpora,
345 2045 456 2093 quae
479 2030 750 2078 secundum
773 2031 1081 2094 superficiem
1106 2047 1415 2079 communem
1430 2047 1482 2079 se

86 2113 268 2156 mutuo
327 2105 641 2170 contingunt,
691 2107 886 2170 possint
933 2115 1097 2156 tamen
1142 2108 1192 2155 vi
1243 2108 1480 2166 adhibita,

90 2182 247 2231 etiam
268 2180 405 2229 nullo
440 2181 557 2230 dato
579 2198 752 2242 vacue,
779 2182 1002 2231 dissilire.
1073 2183 1221 2233 Quod
1255 2184 1482 2232 Lucretio

6 2270 8 2272 ’
31 2274 38 2318 s
85 2273 199 2307 non
238 2256 502 2305 videbatur
546 2257 617 2306 ita
657 2273 780 2316 esse,
828 2275 939 2306 cum
980 2259 1042 2307 ab
1089 2275 1147 2307 ea
1192 2259 1482 2308 dissilitione

11 2350 51 2397 „q
85 2333 293 2388 :videtur
311 2332 406 2381 sibi
428 2349 639 2381 vacuum
662 2334 967 2383 stabilivisse.
1037 2335 1167 2383 Nam
1191 2336 1233 2383 si
1256 2336 1484 2384 columna

15 2418 34 2477 .'
95 2425 374 2459 marmorea
404 2409 467 2457 ab
499 2410 655 2458 altera
687 2411 803 2459 base
825 2412 1046 2475 pendens
1070 2412 1373 2471 exhibeatur,
1409 2428 1481 2468 ea,

6 2469 46 2557 (i
92 2485 141 2536 si
169 2485 289 2534 satis
323 2485 475 2550 longa
495 2485 587 2545 sit,
625 2486 701 2534 sui
734 2487 887 2550 ipsius
914 2487 1133 2551 pondere
1157 2488 1479 2552 diffringetur.

17 2586 35 2608 μ
89 2562 214 2617 -Nou
237 2569 405 2611 tamen
436 2561 543 2610 dari
565 2579 775 2611 vacuum
797 2563 1074 2611 necessario
1109 2563 1224 2620 inde
1247 2564 1482 2626 sequitur,

7 2673 16 2706 ⁴.
39 2647 41 2652 ’
83 2637 297 2703 fquando
319 2638 383 2686 ab
406 2638 597 2686 ambitu
618 2638 682 2686 ad
705 2638 1030 2686 meditullium
1052 2638 1231 2687 solutio
1256 2639 1484 2688 continu-

8 2721 10 2724 ’
42 2724 54 2742 ²
87 2713 235 2766 ..itatis
257 2714 365 2762 fieri
386 2722 553 2777 potest
575 2714 864 2763 successive.

0 2780 1 2789 ¹
90 2819 94 2825 ,
132 2795 214 2842 9.
261 2790 475 2839 Duritiei
513 2790 565 2838 in
600 2791 746 2839 rebus
783 2791 1025 2854 aliquibus
1066 2791 1162 2839 alia
1199 2808 1346 2840 causa
1379 2807 1486 2840 esse
1502 2806 1608 2837 eausa
1632 2806 1724 2838 tertia

98 2873 269 2929 potest
287 2866 583 2930 hujusmodi.
655 2867 783 2915 Nam
804 2868 844 2916 si
864 2884 1041 2932 corpus
1064 2868 1210 2916 molle
1233 2885 1294 2916 ex
1316 2869 1483 2918 multis
1501 2850 1628 2882 dunum
1641 2850 1681 2882 ab

1224 2951 1349 2994 cc2
