1936 3262
381 302 392 342 l
747 314 860 342 vrrffl
882 314 1125 343 HOBBIANAE
1147 315 1425 346 AUCTARIUM.

381 440 598 482 nunquam
628 425 895 478 audiverunt)
919 425 1103 466 movebit
1133 425 1355 467 neminem.
1419 424 1548 467 Nulla
1577 439 1831 483 ergocausa

381 524 445 557 est
465 525 512 556 ut
532 515 696 572 publice
716 530 880 556 cumveo
896 515 1068 571 litigem.
1130 513 1279 571 Neque
1295 515 1329 556 si
1349 525 1466 565 esset,
1481 515 1672 558 facerem
1735 516 1831 558 Scio

384 605 497 662 apud
517 621 660 647 omnes
682 614 840 662 gentes,
863 619 915 645 ex
936 605 1024 660 ipsa
1052 604 1266 646 civitatum
1296 615 1458 655 natura,
1481 605 1639 647 civibus
1659 605 1831 662 singulis

385 697 524 738 datam
556 712 643 739 esse
663 697 870 739 actionem
890 697 1152 751 injuriarum,
1177 695 1368 752 Anglice,
1402 701 1429 721 ‘⁶
1448 711 1502 738 an
1522 696 1658 738 action
1689 695 1738 738 of
1760 695 1832 738 the

386 788 517 828 case.’'

578 787 659 828 Dic
689 802 789 844 ergo
819 787 913 843 quis
931 796 1057 836 actor,
1081 786 1172 843 quis
1202 801 1308 836 reus,
1343 786 1434 842 quis
1459 786 1606 842 judex,
1629 800 1727 843 quae
1753 786 1834 828 erit

387 877 553 933 injuriae
569 876 880 933 compensatio?
943 877 987 918 Si
1007 886 1122 919 actor
1136 892 1213 934 ego
1229 892 1334 927 sum,
1352 891 1446 919 reus
1463 886 1509 919 tu
1524 877 1634 919 solus
1649 877 1743 928 eris‚›
1755 878 1833 934 -qui

386 967 486 1009 libri
506 967 629 1023 hujus
649 968 800 1009 author
829 983 884 1010 es.
948 952 1072 1009 Potes
1102 967 1271 1024 quidem
1293 978 1516 1009 actor-esse
1535 977 1595 1018 tu,
1617 982 1713 1010 reus
1732 982 1833 1026 ergo

388 1058 468 1100 erit
499 1058 695 1100 Decanus
717 1058 1032 1108 Bidis-Christi,
1064 1058 1182 1113 cujus
1211 1057 1399 1107 arbitrio,-
1429 1067 1600 1114 propter
1629 1067 1831 1115 sumptus,

388 1148 614 1190 editionem
634 1149 764 1190 nimia
783 1149 969 1191 bonitate
990 1158 1062 1190 tua
1080 1147 1314 1204 permisisti.
1355 1147 1460 1189 ·Fao
1479 1157 1620 1190 autem
1651 1157 1834 1191 actorem

389 1255 476 1281 esse
501 1255 580 1290 me,
603 1249 646 1281 et
674 1239 793 1281 illum
822 1255 954 1289 reum,
977 1239 1102 1281 etiam
1132 1238 1298 1294 injuriae
1328 1238 1572 1281 damna-tum
1586 1256 1598 1291 ;
1635 1240 1727 1297 quis
1755 1240 1835 1282 erit

390 1329 533 1370 damni
572 1327 815 1370 estimator?
874 1328 1030 1370 Nonne
1058 1327 1279 1369 duodecim
1307 1328 1399 1378 viri,
1428 1329 1561 1385 jurati
1593 1329 1778 1387 quidem·
1793 1340 1836 1372 et

389 1419 559 1475 legales,
586 1418 695 1460 adde
722 1419 859 1468 etiam,
881 1417 1016 1460 boni?
1076 1419 1277 1459 Attamen
1304 1418 1414 1460 inter
1442 1419 1607 1471 damna,
1628 1419 1709 1462 nisi
1739 1435 1835 1478 quae

390 1509 568 1565 pecunia
581 1509 778 1550 aestimari
793 1508 938 1559 solent,
957 1509 1083 1550 verba
1095 1523 1180 1550 non
1193 1518 1428 1551 numerant.
1461 1510 1573 1551 Nam
1588 1510 1835 1554 scholarium

384 1599 527 1655 jurgia
562 1599 671 1641 inter
700 1614 767 1641 res
797 1600 922 1641 serias
950 1614 1045 1641 raro
1074 1600 1243 1642 habent.
1304 1599 1454 1656 Itaque
1483 1601 1634 1657 scripto
1668 1601 1836 1657 publico

394 1688 567 1730 ulterius
587 1704 672 1730 non
693 1689 957 1732 contendam.
1019 1689 1279 1732 Testimonia
1295 1690 1465 1746 quidem
1480 1691 1709 1733 amicorum
1727 1706 1835 1735 am0.

394 1779 593 1821 Convicia
609 1779 873 1820 inimicorum
889 1779 1158 1836 parvipendo.
1193 1779 1261 1821 Ex
1275 1783 1610 1837 Antiquitatibus
1626 1785 1838 1825 oxonien-

390 1871 504 1912 sibus
538 1883 691 1910 nomen
725 1883 878 1920 meum,
912 1870 946 1911 si
975 1870 1090 1921 libet,
1128 1871 1299 1913 omnino
1329 1881 1602 1929 expungant3
1633 1872 1838 1915 laudabor

395 1970 533 2001 tamen
550 1974 575 2001 a
589 1959 772 2001 maxima
786 1970 905 2016 parte
924 1960 1255 2003 academicorum
1271 1961 1344 2018 qui
1363 1977 1475 2004 nunc
1495 1972 1605 2013 sunt,
1622 1964 1838 2022 magisque

395 2050 542 2106 opinor
573 2050 627 2092 ab
659 2050 708 2091 iis
740 2051 813 2107 qui
842 2063 977 2092 erunt.
1040 2050 1252 2093 Praeterea
1280 2051 1439 2093 homini
1467 2053 1556 2094 seni
1585 2053 1841 2102 offensarum*
1877 2096 1882 2105 ,,

396 2140 517 2181 venia
546 2139 688 2181 utilior
717 2150 790 2190 est,
826 2155 951 2197 quam
981 2140 1096 2184 ultio.
1159 2141 1260 2183 Tibi
1279 2157 1390 2193 vero,
1412 2143 1446 2183 si
1466 2142 1571 2185 tanti
1601 2152 1675 2194 est,
1697 2144 1838 2186 existi-

395 2231 623 2273 mationem
653 2239 768 2272 tuam
797 2240 840 2272 et
858 2231 1075 2273 veritatem
1105 2232 1287 2275 historiae
1302 2250 1303 2255 ¹
1316 2233 1538 2283 vindicare,
1558 2248 1644 2275 non
1675 2242 1837 2275 tantum

395 2321 505 2372 licet,
527 2321 600 2363 sed
633 2321 758 2363 etiam
785 2321 984 2363 laudibile
1011 2331 1083 2364 est.
1144 2322 1202 2364 Et
1230 2323 1434 2380 siquidem
1459 2323 1518 2365 ita
1544 2323 1621 2366 tibi
1640 2323 1838 2380 expedire

397 2412 531 2454 visum
550 2412 688 2463 fuerit,
705 2413 859 2469 poteris
879 2412 1094 2469 epistolam
1113 2413 1221 2456 hanc
1236 2429 1372 2456 meam
1392 2415 1641 2472 quibuscum
1660 2414 1838 2458 volueris

398 2503 716 2545 communicare.
780 2502 826 2544 Si
844 2502 959 2560 quod
977 2502 1092 2544 aliud
1111 2504 1325 2545 consilium
1344 2505 1386 2545 in
1400 2505 1507 2547 hanc
1519 2519 1608 2547 rem
1624 2505 1838 2556 invenerof'

397 2602 623 2649 antequam
652 2593 718 2635 hae
734 2592 873 2634 -literae
893 2592 1109 2635 tabellario
1136 2593 1213 2635 tibi
1233 2593 1492 2649 perferendae
1508 2595 1835 2646 committantur,

398 2683 604 2725 inclusum
623 2684 795 2726 habebis
814 2684 910 2740 ipsis
929 2684 1069 2726 literis.
1130 2684 1249 2726 Vale.

456 2777 654 2825 Lomttnt,
677 2778 803 2831 April
823 2778 893 2828 20,
916 2775 1038 2817 1674.
1168 2774 1558 2824 Tuus,-TH0MAs
1581 2775 1805 2817 Honssnsss’
