1936 3262
272 352 389 427 PAflaS
408 353 457 385 ΙΙ.

513 230 603 273 142
905 239 1277 274 PHILOSOPHIA
1303 241 1492 275 PRIMA.
1891 196 1905 248 i*

506 349 642 398 nium
682 350 1111 406 intermediamm3
1163 368 1277 400 nam
1329 353 1371 400 si
1422 352 1522 400 sint
1566 359 1891 417 quotcunque.

506 425 746 474 rationem
781 426 1013 474 habentia
1048 427 1106 484 A,
1132 427 1188 486 Β,
1223 427 1277 486 C,
1309 426 1369 488 D,
1405 428 1460 485 E,
1497 427 1623 475 ratio
1657 427 1703 476 A
1741 429 1805 477 ad
1835 429 1904 478 E>

506 501 815 564 componitur
849 517 908 549 ex
942 501 1212 549 rationibus
1241 503 1286 550 A
1321 502 1384 550 ad
1420 503 1464 549 D
1495 508 1544 550 et
1573 502 1617 550 D
1647 502 1711 550 ad
1739 503 1796 562 E,
1827 511 1906 559 et,

503 591 670 623 rursus
704 575 830 623 ratio
865 576 911 622 A
929 575 992 623 ad
1010 574 1070 633 D,
1107 592 1166 624 ex
1201 576 1473 625 rationibus
1496 576 1539 624 A
1575 577 1638 625 ad
1672 577 1726 636 C,
1761 586 1812 627 et
1837 579 1877 627 O

503 650 566 697 ad
589 650 650 709 D,
675 658 726 698 et
748 649 956 713 denique
986 649 1112 697 ratio
1137 651 1181 698 A
1205 651 1268 698 ad
1291 651 1345 709 C,
1371 667 1429 699 ex
1453 651 1725 700 rationibus
1746 653 1791 700 A
1813 653 1877 702 ἃᾶ

504 725 560 783 Β,
585 733 635 773 et
655 724 694 773 B
718 725 781 772 ad
805 725 859 783 C,
883 732 940 772 ut
963 724 1109 772 modo
1134 733 1383 774 ostensum
1406 733 1496 774 est.

569 800 746 848 Coroll.
772 806 818 848 2.
840 798 1136 862 Intelligitur
1149 800 1264 848 hino
1279 800 1523 863 quomodo
1539 800 1648 848 duae
1660 800 1875 850 rationes

502 883 617 923 sunt
640 874 1017 938 eomponendae3
1053 890 1167 922 nam
1192 875 1233 922 si
1257 875 1434 923 dentur
1455 876 1670 924 rationes
1689 876 1810 924 Aad
1834 876 1875 924 B

502 958 552 998 et
576 950 614 998 C
632 950 694 998 ad
718 950 762 998 D
789 950 932 998 simul
966 949 1217 998 addendae.
1286 949 1339 997 Si
1370 951 1459 999 fiat
1491 957 1548 998 ut
1583 950 1623 999 C
1646 950 1709 999 ad
1731 951 1775 999 D
1805 951 1886 999 ita

502 1025 542 1072 B
566 1025 630 1072 ad
662 1025 811 1083 aliud,
843 1031 966 1088 puta
988 1026 1045 1080 E,
1079 1031 1422 1088 ponanturque
1457 1025 1628 1073 ordine
1650 1025 1710 1084 A,
1737 1025 1792 1084 B,
1817 1025 1873 1084 E,

501 1099 595 1147 erit
616 1100 743 1147 ratio
768 1099 813 1146 A
836 1099 901 1148 ad
922 1099 962 1147 E
987 1115 1175 1147 summa
1197 1098 1448 1147 ambarum
1476 1100 1723 1148 rationum
1745 1100 1788 1148 A
1812 1100 1876 1148 ad

502 1174 542 1220 B
567 1181 617 1221 et
641 1173 681 1221 B
705 1173 768 1221 ad
790 1175 846 1232 E,
867 1174 961 1221 hoe
986 1181 1061 1221 est
1085 1174 1123 1221 C
1141 1173 1205 1220 ad
1227 1173 1287 1231 D,
1312 1173 1390 1221 vel
1413 1174 1454 1221 si
1475 1175 1563 1222 fiat
1585 1182 1642 1222 ut
1665 1174 1709 1222 D
1732 1174 1796 1222 ad
1819 1174 1872 1233 C,

499 1247 570 1295 ita
588 1248 632 1295 A
652 1248 715 1295 ad
732 1248 882 1306 aliud,
906 1249 962 1306 E,
985 1254 1330 1311 ponanturque
1347 1248 1518 1296 ordine
1540 1249 1596 1307 E,
1616 1249 1679 1306 A,
1699 1249 1756 1308 B,
1781 1249 1875 1296 erit

499 1323 625 1370 ratio
648 1323 688 1370 E
712 1323 775 1370 ad
798 1322 854 1381 B,
878 1322 1147 1385 composita
1170 1338 1230 1369 ex
1248 1323 1438 1371 ratione
1455 1324 1495 1370 E
1514 1323 1579 1372 ad
1599 1328 1639 1370 A
1663 1323 1776 1386 (hoe
1799 1331 1886 1383 est·

501 1398 540 1445 C
563 1397 626 1445 ad
648 1398 713 1454 D)
742 1405 792 1446 et
816 1398 860 1445 A
894 1397 957 1445 ad
987 1398 1042 1445 B.
1112 1397 1409 1461 Intelligitur
1443 1398 1562 1446 item
1596 1414 1692 1461 quo
1726 1399 1872 1447 modo

499 1473 624 1521 ratio
654 1490 684 1521 a
706 1473 897 1521 ratione
930 1472 1111 1520 auferri
1133 1480 1298 1535 potest
1319 1493 1329 1527 ;
1366 1489 1476 1521 nam
1503 1474 1544 1521 si
1566 1490 1596 1522 a
1617 1474 1806 1522 ratione
1828 1475 1873 1522 A

499 1548 563 1596 ad
587 1549 642 1607 B,
667 1548 886 1596 tollenda
910 1549 974 1596 sit
1005 1548 1131 1595 ratio
1158 1548 1196 1595 C
1222 1548 1285 1596 ad
1308 1549 1367 1607 D,
1392 1549 1478 1596 fiat
1507 1556 1564 1596 ut
1588 1549 1626 1596 C
1649 1549 1713 1596 ad
1735 1550 1780 1597 D
1803 1550 1884 1598 ita.

499 1623 541 1670 A
558 1624 622 1671 ad
642 1624 789 1682 aliud,
810 1625 866 1682 E,
890 1623 1062 1686 positis
1077 1624 1179 1686 jam
1197 1623 1367 1671 ordine
1386 1623 1445 1682 A,
1466 1624 1522 1682 E,
1540 1624 1595 1682 B,
1616 1624 1872 1687 ablataque

498 1699 687 1747 ratione
713 1701 752 1746 A
774 1699 837 1747 ad
859 1700 915 1757 E,
940 1698 991 1747 id
1021 1706 1096 1746 est
1120 1698 1159 1745 C
1182 1698 1247 1745 ad
1268 1698 1329 1757 D,
1358 1699 1553 1746 residua
1578 1698 1706 1747 ratio
1734 1706 1810 1747 est
1830 1700 1871 1747 E

497 1774 560 1822 ad
580 1774 635 1822 B.

564 1849 740 1898 Coroll.
778 1856 823 1898 3.
862 1849 913 1897 Si
937 1849 1035 1896 sint
1059 1848 1154 1896 duo
1179 1848 1374 1896 ordines
1407 1848 1692 1895 habentium
1721 1848 1871 1896 ratio-

496 1942 608 1973 nem
623 1925 849 1988 aliquam,
868 1924 1061 1987 sintque
1077 1923 1279 1986 singulae
1295 1923 1510 1971 rationes
1523 1923 1668 1987 primi
1687 1923 1872 1971 ordinis

497 2000 680 2048 eaedem
703 2000 1007 2063 totidemque
1028 2015 1138 2046 cum
1157 1999 1428 2047 rationibus
1448 1998 1650 2046 secundi
1669 1998 1881 2055 ordinis,·

496 2075 597 2123 sive
624 2075 952 2138 respondeant
981 2074 1184 2136 singulae
1217 2074 1435 2137 singulis,
1463 2074 1516 2121 id
1538 2073 1671 2137 quod
1691 2081 1870 2122 vocant

494 2150 736 2198 rationem
781 2149 1078 2207 ordinatam,
1127 2148 1227 2196 sive
1267 2165 1368 2196 non
1406 2148 1749 2212 respondeant,
1783 2148 1869 2196 ubi

495 2226 681 2274 scilicet
703 2225 829 2273 ratio
855 2224 1034 2272 dicitur
1046 2223 1372 2287 perturbata,
1397 2231 1542 2270 erunt
1573 2223 1731 2286 prima
1753 2223 1868 2270 ulti-

493 2301 584 2348 mis
606 2300 1004 2364 proportionalia.
1044 2299 1171 2346 Nam
1189 2299 1400 2362 primum
1416 2306 1465 2347 et
1478 2299 1704 2346 ultimum
1717 2298 1868 2346 ratio·
1901 2351 1909 2355 Δ,

493 2392 606 2423 nem
619 2376 803 2424 habent
817 2375 1054 2438 aequalem
1062 2374 1285 2422 omnibus
1300 2374 1571 2422 rationibus
1581 2373 1875 2436 interjectis,

492 2451 543 2498 in
561 2458 770 2513 utroque
785 2450 954 2498 ordine
972 2468 983 2496 ι
1010 2465 1117 2511 quae
1133 2465 1244 2496 cum
1263 2449 1362 2496 sint
1380 2449 1561 2497 eaedem
1580 2456 1630 2496 et
1643 2448 1865 2506 totidem,

493 2542 660 2573 earum
667 2541 865 2573 summae
881 2531 994 2572 sunt
1009 2523 1216 2586 aequales
1235 2542 1245 2569 ε
1266 2523 1464 2571 summis
1479 2530 1643 2570 autem
1657 2522 1864 2585 aequales

492 2608 607 2648 sunt
629 2600 844 2648 rationes
866 2599 1135 2662 primorum
1153 2598 1216 2645 ad
1237 2598 1424 2646 ultima.
1493 2598 1677 2646 Eadem
1698 2597 1864 2660 itaque

490 2676 616 2723 ratio
641 2683 715 2723 est
738 2674 882 2738 primi
905 2674 967 2721 ad
993 2674 1219 2721 ultimum
1255 2673 1306 2720 in
1332 2689 1431 2721 uno
1465 2674 1634 2721 ordine
1657 2689 1766 2736 quae
1787 2678 1864 2719 est

490 2751 616 2798 ratio
639 2750 783 2814 primi
802 2749 865 2796 ad
885 2749 1110 2796 ultimum
1132 2749 1183 2795 in
1206 2748 1361 2796 altero
1385 2748 1583 2803 ordine;
1609 2754 1723 2795 sunt
1745 2761 1862 2809 ergo

490 2826 647 2890 prima
668 2825 852 2872 ultimis
874 2823 1272 2887 proportionalia.

564 2907 637 2948 14.
676 2900 726 2947 Si
746 2900 930 2947 fuerint
954 2898 1049 2946 duo
1085 2898 1313 2960 quaelibet
1336 2897 1467 2945 faeta
1491 2913 1549 2944 ex
1572 2895 1862 2958 multiplica-
