1936 3262
517 276 629 305 νινε
652 275 899 305 HOBBIANAE
924 275 1205 305 AUCTARIUM.
1488 261 1603 302 xxvii

135 388 324 432 animum
341 387 508 445 adjecit,
525 387 646 430 aliter
666 386 944 444 proculdubio
965 387 1020 429 ob
1041 385 1248 443 praeclara
1272 386 1443 428 inventa
1467 386 1605 428 Musis

135 489 179 523 et
196 479 389 538 Apollini
410 479 676 522 hecatombas
696 478 932 522 immolasse
960 477 1191 536 potuisset3
1221 487 1297 520 aut
1326 486 1452 528 certe,
1485 472 1615 534 quod

135 586 299 615 summe
316 571 550 630 optandum
569 571 690 622 foret,
722 570 968 614 adversariis
991 571 1199 613 minorem
1220 571 1357 628 ipsum
1379 569 1601 613 vellicandi

136 676 282 706 ansam
300 662 564 721 praebuisset.

197 753 327 796 Anno
350 756 456 796 1631
479 753 525 795 in
547 752 752 795 Devoniae
785 753 1002 795 Comitum
1022 752 1227 795 familiam
1247 761 1465 794 revocatus
1486 760 1548 793 est
1577 765 1602 792 a

141 845 365 889 Comitissa
382 844 522 896 vidua,
544 844 600 887 ad
618 843 754 886 filium
776 844 867 899 jam
888 843 1186 886 tredecennem
1213 844 1258 885 in
1282 843 1414 886 literis
1434 843 1602 885 institu—

140 935 311 979 endum.
374 934 516 992 Hujus
536 935 678 992 itaque
698 949 843 976 curam
864 949 942 991 pro
962 943 1084 992 grato
1104 949 1206 992 erga
1234 943 1432 991 paternos
1462 949 1605 976 manes

140 1025 294 1070 affectu
332 1025 606 1068 libentissime
640 1024 835 1081 suscepit,
878 1034 920 1068 et
961 1025 1164 1082 singulari
1204 1040 1301 1067 cum
1335 1025 1497 1081 judicio
1531 1040 1607 1081 per

142 1131 311 1166 amoena
346 1116 581 1158 studiorum
616 1116 671 1158 ad
706 1131 848 1158 rerum
889 1116 1174 1174 cognitionem
1209 1116 1409 1174 perduxit
1423 1133 1434 1168 3
1481 1131 1608 1173 quem

145 1207 270 1251 hodie
291 1207 335 1249 in
355 1206 480 1249 viridi
510 1217 679 1250 senecta
709 1208 988 1250 constitutum
1019 1207 1190 1250 illustris
1220 1207 1390 1251 familiae
1422 1208 1609 1265 pruden-

146 1298 352 1342 tissimum
371 1307 534 1355 patrem
556 1307 658 1341 aetas
679 1308 823 1341 nostra
842 1299 993 1340 merito
1015 1308 1251 1341 veneratur.

206 1389 332 1433 Circa
345 1389 439 1432 haec
454 1398 643 1446 tempora
655 1389 699 1432 in
713 1389 851 1432 lucem
868 1389 1028 1446 prodiit
1041 1390 1201 1446 primus
1218 1390 1437 1433 Hobbiani
1452 1391 1612 1448 ingenii

147 1491 306 1539 partus,
344 1479 603 1523 nobilissima
634 1479 707 1522 illa
739 1479 1003 1537 Thucydidis
1023 1496 1047 1522 e
1069 1481 1223 1523 Graeco
1248 1481 1293 1523 in
1324 1481 1611 1538 Anglicanum

149 1586 382 1615 sermonem
404 1570 551 1621 versio,
573 1570 737 1613 eaeteris
758 1571 968 1622 omnibus,
1001 1586 1097 1628 quae
1125 1586 1229 1629 gens
1250 1581 1393 1615 nostra
1422 1588 1611 1630 unquam

151 1663 269 1715 vidit,
289 1663 563 1721 antiquorum
583 1662 1002 1720 interpretationibus
1025 1663 1123 1720 jure
1152 1663 1452 1715 anteferenda3
1484 1679 1612 1721 quam

150 1754 324 1798 domino
343 1768 419 1797 suo
439 1753 647 1796 Devoniae
671 1753 828 1796 Comiti
849 1753 1015 1805 dicavit,
1033 1754 1131 1796 licet
1145 1755 1255 1811 patri
1270 1753 1470 1797 defuncto
1485 1755 1613 1798 desti-

151 1855 306 1890 natam.
359 1844 592 1888 Historiam
609 1844 725 1888 illam
741 1845 888 1888 charta
900 1845 1230 1903 chorographica
1246 1846 1428 1889 Graeciae
1443 1847 1614 1904 propria

151 1953 281 1982 manu
299 1937 508 1996 descripta
527 1937 705 1989 ornavit,
728 1937 893 1994 adjecto
920 1938 1047 1980 etiam
1077 1938 1215 1980 indice
1244 1939 1537 1997 geographico,
1570 1950 1613 1983 et

150 2028 440 2071 dissertatione
474 2028 529 2071 de
568 2029 654 2071 vita
693 2039 737 2072 et
775 2030 939 2087 scriptis
980 2030 1256 2088 Thucydidis,
1303 2046 1390 2073 non
1432 2042 1518 2074 tam
1558 2048 1612 2074 ex

153 2121 405 2164 Marcellino
425 2121 524 2164 vitae
547 2121 839 2178 Thucydideae
862 2122 1064 2179 scriptore
1091 2133 1269 2179 sumpta,
1293 2138 1420 2180 quam
1441 2125 1611 2182 proprio

144 2211 306 2269 judicio
324 2212 570 2269 conscripta.

208 2303 334 2348 Tune
363 2304 489 2347 etiam
522 2303 679 2360 prodiit
704 2302 881 2362 elegans
917 2304 1021 2346 illud
1054 2320 1202 2362 poema
1232 2308 1303 2349 De
1333 2308 1613 2350 Mirabilibus

150 2397 289 2447 Penei,
323 2411 408 2454 quo
437 2396 610 2439 nomine
629 2396 745 2439 venit
778 2395 1024 2439 Derbiensis
1052 2396 1143 2454 agri
1174 2411 1270 2453 pars
1299 2396 1610 2449 occidentalior,

150 2487 267 2545 regio
279 2498 470 2531 montosa
481 2497 610 2546 atque
624 2487 815 2545 aspera,†
829 2487 903 2530 sed
919 2487 1145 2539 nonnullis,
1161 2504 1257 2546 quae
1273 2488 1432 2545 rariora
1450 2489 1612 2532 haben-

151 2588 234 2631 tur,
269 2579 563 2631 celeberrima3
594 2581 681 2631 ubi,
716 2590 764 2622 ut
796 2580 961 2623 mittam
993 2581 1172 2623 aedificia
1204 2581 1379 2639 antiqua
1413 2591 1456 2624 et
1487 2597 1609 2634 nova,

150 2685 305 2729 magna
323 2672 424 2714 artis
445 2687 585 2729 opera,
610 2672 734 2716 Pecci
765 2682 961 2724 castrum,
988 2683 1031 2716 et
1053 2673 1394 2716 Chatsworthum
1424 2674 1610 2716 nobilem

151 2762 483 2806 Devoniensium
539 2764 753 2807 Comitum
796 2763 951 2815 sedem,
1002 2765 1113 2807 inter
1167 2765 1376 2808 naturalia
1423 2766 1612 2808 eminent

150 2853 326 2899 thermae
347 2855 511 2912 corpori
546 2854 731 2897 humano
757 2854 1059 2907 saluberrimae,
1090 2856 1406 2901 metallifodinae
1435 2858 1610 2915 plumbo

620 2966 639 3004 †
655 2965 735 2997 Vide
749 2965 906 2997 Camdeni
921 2966 1132 2998 Britanniam.
