1936 3262
469 235 529 277 84
868 252 1237 284 PHILOSOPHIA
1266 253 1454 286 PRIMA.

247 356 360 432 PMJS
387 356 436 389 Π·
469 364 544 404 est
579 365 636 406 ut
671 362 998 410 confiteantur
1035 380 1139 411 esse
1177 381 1302 423 eum,
1340 383 1440 413 non
1464 366 1514 413 in
1538 366 1654 429 ipsis
1678 366 1842 425 rebuS,

262 423 424 501 ἳὲ--κ
475 434 561 481 sed
593 434 643 482 in
667 437 814 484 animi
835 439 1148 500 cogitatione,
1187 441 1559 503 reperiendum;
1596 457 1842 504 quumque
1890 439 1898 484 s

262 493 414 534 qempus‘
469 509 529 556 de
574 512 813 573 majorum
859 529 1057 560 suorum
1102 515 1403 577 temporibus
1448 515 1731 578 loquuntur,
1777 532 1840 563 an
1898 507 1903 566 ἓ

469 585 764 644 existimant,
782 587 1010 635 extinctis
1027 589 1290 651 majoribus
1307 590 1420 645 suis,
1437 598 1659 652 tempora
1673 606 1841 638 eorum
1898 582 1919 644 ᾖ

467 660 582 707 alibi
606 676 710 707 esse
732 677 891 723 posse,
931 678 1077 724 quam
1099 663 1150 710 in
1175 665 1409 711 memoria
1437 664 1802 712 recordantium
1822 664 1840 711 ?
1897 701 1899 706 .
1919 701 1921 706 .

470 735 567 783 Qui
590 751 706 782 vero
732 735 852 791 dies,
893 752 1064 796 annos,
1103 754 1308 797 menses,
1352 739 1523 787 dicunt
1564 755 1668 787 esse
1707 739 1841 802 ipsos

468 810 581 857 solis
604 810 827 873 lunaeque
853 819 1028 869 motuS,
1066 828 1176 860 cum
1197 814 1328 876 quod
1351 815 1413 862 ad
1436 821 1626 862 motum
1645 815 1841 874 attinet,

457 885 778 948 proeteriisse
823 886 952 934 idem
990 888 1053 935 sit
1091 889 1222 950 quod
1256 890 1432 952 perire,
1472 896 1522 937 et
1540 890 1671 953 sore
1710 890 1841 937 idem

467 959 598 1022 quod
634 960 852 1008 nondum
892 978 1013 1020 esse,
1052 963 1223 1011 dicunt
1242 964 1307 1023 id,
1346 965 1478 1028 quod
1514 981 1615 1013 non
1651 965 1841 1024 volunt,

466 1034 651 1081 nullum
676 1042 868 1098 tempus
907 1038 1105 1085 omnino
1130 1054 1250 1098 esse,
1275 1056 1366 1087 nec
1389 1040 1554 1098 fuisse,
1587 1057 1679 1088 nec
1702 1040 1808 1088 fore
1828 1059 1839 1087 :

469 1109 528 1156 de
553 1126 648 1172 quo
674 1111 804 1158 enim
828 1112 924 1159 dici
946 1121 1111 1175 potest
1130 1115 1264 1178 fuit,
1288 1116 1366 1163 vel
1390 1116 1504 1174 erit,
1531 1116 1627 1163 dici
1647 1132 1843 1180 quoque
1882 1113 1923 1187 ,ᾗ

467 1192 553 1232 aut
577 1185 691 1232 olim
714 1187 878 1248 potuit
912 1195 998 1235 aut
1034 1205 1148 1236 mox
1171 1190 1369 1252 poterit,
1409 1197 1500 1238 est.
1571 1191 1668 1238 Ubi
1691 1191 1844 1255 igitur

468 1267 542 1307 est
567 1260 685 1318 dies,
711 1262 905 1321 mensis,
929 1263 1008 1310 vel
1032 1280 1204 1321 annus,
1239 1265 1333 1312 nisi
1370 1266 1468 1312 sint
1503 1266 1610 1313 haec
1645 1267 1844 1314 nomina

468 1336 887 1398 computationum
934 1337 985 1384 in
1028 1338 1190 1386 animo
1235 1339 1510 1387 factarum?
1559 1341 1649 1388 Est
1692 1340 1845 1403 igitur
1903 1338 1922 1396 f]

420 1398 431 1470 ἶ
468 1416 660 1474 tempus
695 1411 1014 1473 phantasma;
1052 1413 1138 1460 sed
1174 1414 1465 1476 phantasma
1505 1423 1696 1470 motus;
1733 1432 1843 1463 cum
1913 1410 1923 1474 ἦ

468 1485 612 1543 enim,
631 1486 805 1548 quibus
824 1489 1085 1536 momentis
1101 1496 1293 1552 tempus
1317 1490 1527 1548 labatur,
1548 1506 1843 1554 cognoscere
1910 1491 1922 1558 3

465 1560 704 1618 volumus,
743 1561 1029 1610 adhibemus
1053 1571 1244 1612 motum
1267 1565 1494 1628 aliquem,
1530 1573 1588 1612 ut
1612 1565 1742 1624 soliS,
1766 1566 1844 1613 vel

467 1636 721 1694 automati,
776 1645 862 1684 aut
902 1638 1186 1702 clepsydrae,
1232 1640 1311 1687 vel
1354 1640 1533 1688 lineam
1579 1640 1842 1704 signamus,

469 1725 614 1773 super
661 1727 805 1774 quam
865 1713 1050 1775 aliquid
1106 1714 1224 1762 ferri
1282 1715 1657 1778 imaginabimur
1682 1737 1694 1771 ;
1748 1716 1843 1764 alio

468 1793 631 1832 autem
654 1787 800 1834 modo
824 1794 1016 1850 tempus
1039 1789 1228 1836 nullum
1251 1797 1467 1853 apparet.
1538 1790 1644 1838 Nec
1679 1797 1844 1838 tamen

469 1861 509 1907 si
529 1860 761 1919 dicamus,
789 1868 979 1926 tempus
1006 1879 1111 1911 esse
1133 1863 1427 1927 phantasma
1440 1872 1621 1923 motus,
1638 1865 1844 1913 sufficiet

467 1935 562 1982 hoc
608 1935 670 1982 ad
716 1936 1082 1992 definitionem3
1140 1955 1255 1986 nam
1312 1939 1405 1987 hac
1462 1955 1583 1987 voce
1637 1946 1841 2005 tempus,
1916 1933 1923 1995 *f

467 2018 694 2057 notamus
739 2011 875 2073 prius
924 2019 975 2059 et
1019 2014 1280 2075 posterius,
1341 2014 1441 2062 sive
1487 2015 1844 2063 successionem
1912 2037 1923 2061 a

469 2085 688 2147 corporis
741 2085 878 2143 moti,
942 2095 1181 2148 quatenus
1229 2088 1484 2136 existentis
1529 2089 1687 2151 primo
1746 2089 1842 2147 hie,
1912 2123 1921 2155 ·.

469 2159 645 2207 deinde
661 2160 784 2207 illic.
853 2161 980 2208 Tota
994 2177 1110 2224 ergo
1132 2162 1352 2210 definitio
1373 2163 1607 2226 temporis
1622 2164 1732 2211 talis
1752 2173 1840 2222 est,

469 2242 658 2299 tempus
701 2242 777 2282 est
808 2236 1115 2299 phantasma
1153 2245 1324 2297 motus,
1366 2245 1608 2302 quatenus
1635 2239 1686 2286 iu
1713 2246 1842 2287 motu

468 2310 798 2374 imaginamur
812 2312 965 2374 prius
981 2319 1030 2359 et
1044 2313 1322 2376 posterius,
1343 2314 1446 2361 sive
1460 2314 1815 2367 successionem
1821 2334 1840 2370 ,·

468 2402 577 2448 quae
601 2386 830 2433 convenit
854 2401 965 2433 cum
990 2386 1273 2435 definitione
1298 2389 1627 2448 Aristotelica,
1653 2396 1842 2454 tempus
1908 2440 1910 2442 ,

467 2467 543 2507 est
565 2476 791 2507 uumerus
826 2467 981 2507 motus
1017 2462 1280 2509 secuudum
1312 2463 1464 2526 prius
1488 2470 1539 2510 et
1565 2464 1838 2527 posterius.
1920 2519 1921 2522 Ἴ

464 2535 554 2582 Est
578 2535 708 2582 enim
731 2551 789 2582 ea
810 2536 1084 2583 numeratio
1109 2545 1249 2584 actus
1273 2538 1437 2596 animi,
1476 2538 1682 2602 ideoque
1711 2539 1841 2588 idem

466 2616 542 2656 est
565 2610 741 2668 dicere,
780 2616 969 2673 tempus
1006 2617 1082 2657 est
1119 2628 1344 2658 uumerus
1383 2620 1539 2660 motus
1579 2614 1841 2661 secuudum

456 2684 609 2748 prius
633 2691 682 2731 et
696 2685 971 2748 posterius,
992 2692 1042 2732 et
1062 2692 1250 2751 tempus
1275 2694 1351 2734 est
1356 2688 1663 2751 phantasma
1681 2696 1838 2736 motus
1875 2714 1877 2716 ·

466 2760 724 2818 numerati,
763 2760 883 2807 illud
919 2767 1083 2807 autem
1107 2767 1296 2825 tempus
1321 2770 1397 2809 est
1420 2779 1648 2811 mensura
1684 2771 1840 2811 motus

466 2849 566 2880 non
591 2834 661 2881 ita
683 2842 817 2881 recte
843 2834 1036 2893 dicitur,
1053 2851 1167 2882 nam
1181 2843 1375 2899 tempus
1398 2853 1487 2900 per
1508 2845 1711 2898 motum,
1735 2854 1836 2886 non
1889 2848 1905 2868 ·³

468 2915 632 2956 autem
656 2917 843 2958 motum
858 2926 952 2975 >per
975 2917 1183 2973 tempus,
1208 2927 1559 2960 mensuramus.

1899 843 1920 957 *JK-⁴:¹22*
1898 733 1921 836 &bf-‚4¹4⁹

1896 1084 1917 1115 «fg
1907 1047 1914 1075 .-
1903 1007 1921 1034 ,μ
1903 970 1918 999 --Τ
