1910 3256
0 1738 18 1842 ..j-<weho

0 3034 5 3055 “
0 2796 25 2971 Γιὼηῖῖἰαέψῆν·
0 2759 19 2782 ‘⁴³2
14 2719 15 2722 Α
12 2664 17 2682 ⁴2
0 2606 16 2618 *⁴
16 2551 17 2554 „
7 2510 14 2537 ⁴*
16 2485 19 2490 >

626 252 698 286 nu
726 252 1055 286 GRAVITATE.
1302 276 1310 284 .
1440 238 1536 291 427

148 365 693 428 transparentissimam,
718 381 828 429 quae
851 379 1111 427 erumpens
1134 379 1161 411 e
1185 370 1318 410 terra
1333 369 1538 425 puteum

149 439 322 504 implet
343 457 497 504 usque
537 441 601 489 ad
637 440 704 496 C3
741 441 793 488 in
833 456 930 503 qua
964 438 1183 496 materia,
1217 446 1451 500 tanquam
1485 437 1536 485 in

151 532 296 580 aqua,
320 523 370 564 et
386 516 513 580 ignis
538 524 588 564 et
612 516 841 564 animalia
863 516 1233 579 extinguuntur.
1304 513 1539 584 Possibile

152 598 319 646 autem
342 598 431 650 est,
467 599 524 639 ut
565 592 772 639 materia
807 591 891 639 illa
914 591 1010 638 alia
1036 607 1136 638 non
1171 590 1235 637 sit
1270 605 1417 652 quam
1440 605 1540 648 aer,

153 667 256 716 sive
277 674 454 715 ventus
476 666 785 726 fortissimus,
818 667 902 730 qui
926 674 977 715 et
999 666 1165 730 ignem
1199 672 1249 713 et
1277 665 1429 713 vitam
1458 681 1540 712 ex-

154 743 367 806 tinguat,
409 742 538 790 hanc
583 751 807 806 receptus
852 742 904 790 in
952 742 1223 806 pulmones,
1275 741 1360 788 ubi
1414 740 1542 788 sistit

153 817 406 882 sanguinis
454 818 516 865 ab
553 834 652 866 uno
689 818 850 866 cordis
895 817 1166 866 ventriculo
1220 816 1284 864 ad
1334 816 1543 863 alterum

153 892 436 951 transitum,
460 892 599 940 illum
628 893 938 941 vehementia
966 900 1130 940 motus
1153 891 1205 939 in
1238 907 1290 939 se
1320 890 1543 939 conversi

155 969 415 1017 suffocans.

1577 363 1704 397 'PARS
1720 364 1778 396 1v.

1661 409 1712 439 30.

1595 455 1786 478 N-wd
1830 467 1838 485 q

227 1051 302 1093 15.
339 1044 482 1093 Circa
503 1052 731 1093 naturam
763 1044 1001 1108 gravium,
1040 1044 1299 1092 difficultas
1333 1043 1546 1091 maxima
1563 1055 1614 1086 De
1629 1064 1725 1086 eausa

1501 1120 1510 1129 .
1561 1099 1690 1129 virtutis

154 1120 312 1168 oritur
335 1137 366 1168 a
387 1121 799 1184 contemplatione
822 1137 989 1168 earum
1022 1136 1202 1179 rerum,
1235 1136 1346 1184 quae
1376 1136 1546 1183 gravla
1562 1141 1761 1183 magneticae

155 1195 220 1244 ad
242 1211 295 1244 se
317 1196 369 1244 in
393 1197 600 1245 sublime
622 1197 819 1255 tollunt,
850 1204 906 1244 ut
928 1204 1143 1260 gagates,
1170 1196 1383 1254 succina,
1407 1212 1545 1259 mag-

155 1287 258 1320 nes.
329 1273 606 1320 Praesertim
628 1289 746 1320 vero
778 1274 946 1321 turbat
979 1288 1198 1336 magnes,
1228 1272 1311 1335 qui
1346 1279 1395 1320 et
1421 1271 1554 1335 lapis

158 1347 432 1396 Herculeus
474 1349 780 1412 appellatum
826 1350 950 1413 lapis
997 1350 1179 1413 alioqui
1220 1349 1544 1413 despicabilis,

133 1422 244 1470 ‘sed
279 1424 431 1472 tantis
465 1425 665 1484 viribus,
704 1435 761 1474 ut
799 1442 825 1474 e
865 1427 1054 1474 telluris
1091 1427 1277 1490 gremio
1325 1433 1547 1489 ereptum

158 1498 308 1546 etiam
330 1499 514 1547 sermm
539 1517 568 1548 a
584 1517 636 1548 se
655 1517 943 1564 suspensum
963 1509 1146 1560 teneat,
1166 1502 1302 1550 velut
1316 1503 1548 1550 Antaeum

161 1575 415 1624 Hercules.
488 1576 636 1625 Quod
653 1585 815 1625 tamen
833 1578 1083 1642 aliquanto
1098 1579 1258 1627 minus
1274 1579 1550 1626 mirandum

160 1658 250 1710 est,
293 1652 408 1715 quia
444 1659 493 1700 et
528 1653 651 1716 lapis
691 1661 894 1717 gagates
930 1655 1111 1718 paleas,
1154 1655 1314 1702 minus
1353 1655 1550 1718 quidem

159 1743 308 1791 quam
329 1728 514 1776 sermm
537 1721 726 1792 graves,
763 1747 937 1793 graves
961 1739 1127 1779 tamen
1151 1731 1371 1779 attrahit.
1440 1731 1550 1778 Cae-

158 1811 320 1861 terum
343 1813 399 1853 ut
421 1805 515 1853 hoc
535 1805 685 1854 faciat
701 1814 920 1870 gagates,
940 1807 1077 1870 prius
1095 1807 1245 1856 frictu
1263 1806 1550 1855 excitandus

159 1887 249 1936 est,
271 1880 325 1929 id
356 1888 446 1940 est,
482 1889 623 1929 motu
651 1882 918 1945 reciproco.
989 1883 1237 1946 Magnetis
1267 1890 1432 1931 autem
1467 1899 1550 1930 ex-

160 1956 332 2005 citatio
356 1973 387 2005 a
407 1964 587 2005 natura
609 1965 682 2006 est
706 1958 859 2022 ipsius
876 1958 1067 2022 lapidis,
1084 1959 1136 2006 id
1150 1968 1239 2018 est,
1260 1976 1290 2006 a
1306 1958 1550 2022 principio

159 2032 262 2080 sive
283 2040 423 2080 motu
447 2034 550 2097 ejus
569 2034 733 2097 aliquo
757 2034 968 2082 interno.
1040 2034 1288 2097 Quicquid
1310 2041 1550 2092 movetur,

159 2123 191 2155 a
228 2114 363 2156 moto
401 2115 452 2155 et
485 2109 720 2172 contiguo
760 2110 963 2169 moveri,
1001 2110 1053 2157 in
1094 2111 1316 2173 superius
1349 2110 1552 2158 demon-

160 2183 328 2231 stratis
361 2190 467 2239 est;
505 2192 555 2232 et
586 2185 791 2248 proinde
825 2185 943 2233 ferri
978 2185 1043 2233 ad
1068 2186 1278 2249 lapidem
1321 2194 1553 2235 conatum

159 2259 373 2323 primum
397 2259 531 2318 oriri,
557 2268 748 2308 certum
771 2269 860 2320 est,
886 2278 916 2308 a
942 2268 1079 2309 motu
1107 2262 1232 2310 aeris
1266 2262 1396 2310 ferro
1434 2279 1552 2310 con-

160 2334 319 2398 tigui3
357 2335 492 2394 item,
526 2336 651 2384 aeris
674 2336 802 2384 illius
833 2344 1022 2385 motum
1045 2354 1075 2385 a
1096 2345 1233 2386 motu
1263 2338 1401 2401 gigni
1425 2338 1551 2386 aeris
1614 2364 1622 2373 ·

162 2410 392 2474 deinceps
413 2412 626 2475 proximi
651 2412 754 2460 sine
777 2413 891 2472 fine,
917 2413 1072 2461 donec
1096 2414 1401 2462 inveniamus
1425 2415 1551 2462 aeris

161 2486 315 2535 totius
342 2487 532 2536 motum
556 2489 794 2552 originem
828 2489 1007 2537 ducere
1042 2491 1102 2556 ab
1139 2490 1301 2553 aliquo
1340 2499 1479 2539 motu
1502 2492 1553 2539 in

162 2570 392 2626 magnete
415 2563 538 2627 ipso,
567 2565 651 2628 qui
676 2572 855 2622 motuS,
881 2565 1114 2628 quoniam
1137 2566 1329 2614 videtur
1351 2582 1553 2630 magnes

164 2638 524 2702 conquiescere,
551 2647 627 2688 est
645 2640 914 2688 invisibilis.
986 2640 1187 2689 Certum
1206 2658 1323 2706 ergo
1345 2650 1435 2701 est,
1454 2643 1553 2690 vim

163 2715 406 2778 magnetis
430 2716 709 2764 tractricem
733 2717 878 2764 aliam
901 2733 1002 2764 non
1026 2733 1146 2776 esse,
1172 2734 1318 2780 quam
1340 2714 1555 2781 partium

163 2790 600 2839 minutissimarum
634 2793 874 2855 magnetis
908 2801 1097 2840 motum
1131 2793 1358 2856 aliquem.
1430 2794 1555 2858 Sup-

143 2866 327 2930 posito
351 2882 470 2931 ergo
503 2868 793 2931 corpuscula
818 2867 1036 2926 minima,
1067 2885 1128 2915 ex
1161 2869 1337 2932 quibus
1361 2870 1412 2917 in
1436 2870 1554 2934 ipsis
