1936 3262
359 254 518 295 xxxviii
733 267 843 297 vrrAE
865 268 1105 296 nonssrANAE
1124 267 1397 297 AucrAMUM.

360 376 590 419 studiorum
608 377 779 434 asylum,
807 387 1031 428 revocatus,
1051 378 1235 420 animum
1256 378 1419 434 penitus
1437 378 1635 435 applicuit
1652 377 1787 422 absol-

361 466 506 509 vendae
544 467 811 525 philosophiae
850 468 902 511 de
939 483 1121 525 corpore,
1157 469 1200 510 in
1239 484 1322 526 qua
1359 469 1545 526 physices
1583 469 1787 512 elementa

361 567 638 613 exponuntur.
697 559 818 602 Illam
837 558 1105 616 philosophiae
1120 569 1280 616 partem
1299 560 1475 616 primam
1494 561 1632 602 animo
1651 559 1787 617 desig-

363 656 556 698 naverat3
588 648 661 690 sed
688 649 742 691 ob
775 648 894 691 civile
919 649 1076 691 bellum
1108 649 1440 700 intervenientes,
1472 650 1525 692 de
1554 653 1723 706 imperii
1747 657 1790 694 et

364 739 503 780 deb-ita
521 740 672 781 cz‘m’um
691 741 934 790 obedientia,
957 739 1216 797 quaestiones,
1237 739 1432 796 politices,
1454 740 1581 796 partis
1604 739 1788 797 alioquin

365 825 535 878 ultimae,
565 827 723 869 caeteris
751 827 898 879 dilatis,
928 829 1042 886 prius
1070 829 1328 871 maturandae
1355 829 1715 886 absolvendaeque,
1743 829 1788 871 in

365 929 486 958 causa
505 915 685 958 fuerunt.

422 1005 615 1049 Tandem
633 1017 772 1049 autem
800 1008 854 1050 ad
883 1008 1123 1051 umbilicum
1151 1009 1375 1065 perductus
1397 1009 1502 1051 liber
1521 1012 1589 1052 De
1610 1010 1791 1065 Corpore

365 1096 518 1152 prodiit
546 1097 697 1139 Latine
735 1101 855 1149 1655,
878 1108 921 1141 et
951 1099 1140 1156 proximo
1173 1114 1284 1141 anno
1317 1098 1548 1149 vernacule,
1581 1113 1666 1140 una
1693 1112 1789 1140 cum

365 1199 437 1226 sex
457 1185 724 1229 Lectionibus
742 1187 797 1230 ad
815 1188 1060 1244 professores
1081 1189 1381 1231 mathematicae
1404 1188 1643 1231 Savilianos.

423 1275 502 1317 Illo
531 1285 715 1333 tempore
743 1277 988 1320 clarissimus
1019 1278 1223 1321 Wallisius
1252 1279 1296 1320 in
1324 1278 1534 1321 academia.
1561 1277 1790 1321 Oxoniensi

365 1365 602 1421 geometriae
640 1366 842 1422 professor
884 1367 1125 1419 Savilianus,
1166 1368 1278 1410 edito
1322 1371 1509 1413 Elencho
1550 1371 1794 1412 Gemnetriae
1831 1391 1834 1394 ⁴

367 1456 611 1506 Hobbianae,
633 1456 820 1498 diuturni
839 1457 947 1499 illius
976 1457 1074 1499 belli
1102 1457 1380 1500 mathematici
1398 1457 1611 1500 classicum
1629 1457 1790 1507 cecinit,

368 1544 482 1600 quod
509 1545 708 1587 acerrimo
741 1545 895 1596 Marte,
927 1546 1122 1589 adhibitis
1153 1547 1313 1604 quadra
1340 1556 1383 1589 et
1411 1547 1578 1599 circino,
1609 1547 1790 1589 intervo-

365 1634 546 1677 lantibus
574 1650 874 1693 nonnunquam
902 1637 1143 1679 acutissimis
1170 1638 1443 1680 convitiorum
1471 1637 1575 1689 telis,
1597 1637 1793 1694 utrinque

366 1734 541 1780 gestum,
574 1726 808 1768 vicennium
841 1736 883 1769 et
916 1727 1091 1784 amplius
1129 1728 1378 1784 perduravit,
1410 1743 1486 1770 nec
1514 1728 1595 1770 nisi
1623 1727 1790 1770 tandem

370 1814 595 1858 Hobbiana
613 1826 745 1858 morte
764 1818 1009 1874 conquievit.

425 1906 548 1949 Circa
580 1907 691 1949 idem
729 1917 890 1964 tempus
926 1907 1119 1950 Hobbius
1157 1923 1252 1950 cum
1289 1908 1354 1950 Jo.
1398 1908 1649 1960 Bramhallo,
1689 1917 1790 1951 tunc

367 1996 557 2052 episcopo
580 1997 808 2048 Derriensi,
829 2007 970 2054 postea
989 1998 1311 2055 Archiepiscopo
1332 1998 1580 2050 Armacano,
1601 2008 1644 2041 et
1665 1999 1790 2042 totius

370 2084 588 2128 Hiberniae
603 2087 797 2140 Primate,
814 2098 1021 2132 certamen
1034 2089 1219 2132 exercuit
1229 2089 1470 2141 literarium,
1487 2092 1557 2133 De
1575 2092 1791 2134 Libertate

367 2183 408 2218 et
437 2179 695 2221 Necessitate
725 2179 936 2221 actionum
969 2179 1244 2222 humanarum
1256 2196 1268 2231 ς
1295 2179 1426 2223 libelli
1460 2180 1658 2237 utrinque
1690 2195 1790 2223 con-

368 2265 508 2322 scripti
527 2277 624 2310 sunt
642 2269 756 2320 varii,
778 2270 831 2312 de
850 2270 1000 2327 quibus
1019 2270 1119 2313 alibi
1137 2270 1310 2327 plenius.

425 2355 552 2399 Anno
575 2361 696 2409 1658,
717 2359 761 2400 in
787 2359 922 2402 lucem
941 2360 1110 2403 emissus
1129 2370 1191 2402 est
1209 2361 1315 2404 liber
1332 2364 1401 2404 De
1420 2363 1616 2412 Homine,
1637 2361 1710 2418 qui
1728 2369 1791 2403 est

365 2444 634 2503 philosophiae
653 2449 741 2505 ejus
761 2465 854 2506 pars
866 2451 1058 2502 secunda,
1081 2466 1175 2508 quae
1187 2451 1296 2494 circa
1309 2451 1523 2494 facultates
1535 2451 1791 2508 affectusque

366 2533 581 2586 humanos,
613 2535 964 2595 imaginationem,
994 2541 1247 2592 memoriam,
1275 2541 1543 2592 intellectum,
1571 2540 1790 2583 ratiocina-

367 2625 534 2676 tionem,
570 2629 812 2684 appetitum,
846 2629 1113 2682 voluntatem,
1148 2631 1319 2681 bonum,
1351 2630 1519 2681 malum,
1554 2630 1787 2680 honestum,

367 2724 500 2772 turpe,
521 2717 682 2775 aliaque
701 2720 789 2775 ejus
807 2720 970 2777 generis
994 2730 1230 2777 occupatur.

424 2805 550 2848 Anno
566 2807 635 2849 illo
651 2809 828 2852 mirabili
848 2813 969 2861 1660,
987 2811 1158 2853 Summo
1176 2810 1359 2853 Numine
1381 2810 1635 2853 Britannicae
1652 2810 1787 2867 gentis

367 2896 590 2940 infortunia
610 2899 841 2951 miserante,
863 2900 1042 2958 depulsis
1062 2901 1334 2944 rebellionum
1354 2901 1482 2953 furiis,
1510 2911 1552 2944 et
1570 2900 1787 2958 profligata
