1936 3262
221 357 335 390 PARS
359 360 407 392 ΙΙ.

288 404 338 434 12.

203 509 369 561 Expositio

200 556 386 592 quantitatis

200 597 274 636 quid
296 598 345 630 sit.

147 2561 274 2595 Quibus

143 2606 246 2636 modis
260 2616 354 2647 expo-

142 2654 264 2680 nuntur
277 2649 372 2688 linea,

141 2692 332 2732 superficies,

140 2739 172 2766 et
185 2735 332 2767 solidum.

450 235 536 277 124
831 251 1205 287 PHILOSOPHIA
1232 257 1421 290 PRIMA.

445 358 649 418 minata,
686 361 763 410 vel
788 363 1024 411 dimensio
1055 367 1194 428 cujus
1219 370 1416 417 termini
1438 377 1551 418 sunt
1589 379 1677 420 aut
1709 373 1814 424 loco

443 439 923 500 auttcomparatione
947 440 1122 503 aliqua
1147 444 1352 507 cogniti.

505 516 551 557 2.
589 510 955 561 Determinatur
978 523 1142 563 autem
1167 519 1414 580 quantitas
1431 519 1620 568 duobus
1638 523 1812 583 modis,

438 584 594 632 altero
619 586 682 633 ad
706 603 915 644 sensum,
955 590 1087 652 quod
1109 592 1166 638 fit
1188 608 1276 655 per
1300 594 1547 656 objectum
1570 597 1810 658 sensibile,

436 667 494 725 ut
518 662 712 724 quando
748 663 892 722 linea,
931 667 1227 727 superficies,
1266 669 1343 715 vel
1381 669 1604 729 solidum,
1640 673 1812 735 pedale
1877 734 1882 737 ἡ

435 736 512 782 vel
558 737 769 785 cubitale
816 739 866 786 in
908 741 1115 789 materia
1159 743 1322 806 aliqua
1367 744 1613 807 signatum
1658 748 1811 798 oculis
1883 807 1887 809 ,

436 812 680 874 objicitur,
709 814 791 875 qui
816 814 1174 864 determinandi
1196 819 1370 866 modus
1395 820 1736 884 expositionis,
1761 832 1810 872 et
1878 851 1885 876 ρ

435 887 684 949 quantitas
722 889 791 935 sic
829 890 1029 952 cognita
1071 892 1303 955 exposita
1341 893 1534 942 dicitur.
1619 895 1807 956 Altero,
1872 903 1891 944 f·

433 962 496 1008 ad
532 963 833 1022 memoriam,
872 965 1004 1027 quod
1041 965 1098 1012 fit
1133 982 1222 1028 per
1259 969 1674 1031 comparationem
1697 988 1808 1020 cum

432 1038 666 1099 exposita.
728 1039 792 1085 Et
814 1040 972 1101 primo
990 1040 1185 1102 quidem
1204 1042 1349 1090 modo
1370 1045 1609 1106 quaerenti
1625 1055 1808 1109 quanta

429 1127 507 1159 res
547 1121 635 1172 est,
679 1115 1018 1177 respondetur,
1067 1126 1301 1178 quantam
1340 1119 1611 1181 expositam
1651 1121 1803 1170 vides.

430 1187 655 1236 Secundo
680 1189 826 1237 modo
850 1206 950 1237 non
970 1191 1146 1238 satisfit
1169 1192 1263 1239 nisi
1282 1208 1370 1255 per
1390 1195 1804 1256 comparationem

428 1278 539 1309 cum
564 1264 813 1326 exposita;
850 1281 965 1312 nam
1000 1267 1239 1327 quaerenti
1267 1275 1451 1329 quanta
1486 1276 1560 1316 est
1583 1269 1674 1318 viae
1696 1271 1802 1320 lon-

425 1338 615 1401 gitudo,
648 1340 972 1402 respondetur
1010 1348 1086 1388 tot
1120 1341 1270 1389 millia
1306 1358 1553 1405 passuum,
1594 1345 1802 1406 (seilicet

425 1415 753 1477 comparando
774 1416 903 1462 viam
928 1432 1039 1463 cum
1061 1433 1160 1464 uno
1179 1433 1341 1480 passu,
1362 1418 1439 1465 vel
1457 1418 1552 1466 alia
1574 1435 1801 1470 mensura

1881 1103 1901 1114 v-

1877 1130 1902 1149 Ν

423 1490 729 1552 expositione
776 1491 1116 1549 determinata,
1165 1499 1215 1539 et
1256 1493 1474 1555 cognita)
1519 1494 1597 1541 vel
1639 1495 1711 1544 ita
1747 1513 1798 1545 se
1871 1530 1890 1551 ρ

419 1564 600 1612 habere
627 1567 953 1628 quantitatem
977 1568 1080 1630 ejus
1104 1567 1167 1614 ad
1200 1568 1345 1615 aliam
1377 1569 1626 1632 cognitam
1650 1586 1798 1635 expo-

419 1640 612 1699 sitione,
653 1650 710 1688 ut
748 1642 984 1689 diameter
1026 1643 1252 1705 quadrati
1299 1644 1362 1691 ad
1396 1644 1553 1703 latus,⁴
1579 1646 1656 1693 vel
1701 1647 1795 1695 alio

418 1715 582 1777 aliquo
603 1716 745 1764 simili
771 1718 946 1772 modo3
985 1726 1182 1780 oportet
1205 1727 1369 1766 autem
1395 1720 1666 1782 expositam
1690 1738 1794 1770 esse

417 1791 494 1837 vel
524 1801 908 1854 permanentem,
943 1801 1000 1840 ut
1030 1809 1138 1855 quae
1170 1794 1221 1840 in
1254 1794 1460 1841 materia
1494 1795 1793 1846 consistente

417 1866 716 1929 designatur,
756 1868 833 1915 vel
881 1869 1205 1916 revocabilem
1243 1869 1306 1916 ad
1349 1885 1567 1925 sensum;
1610 1871 1793 1934 alioqui

416 1942 545 1989 enim
564 1944 864 2006 comparatio
890 1961 1000 1991 cum
1025 1961 1082 1991 ea
1105 1945 1297 1992 institui
1320 1961 1421 1992 non
1439 1953 1618 2008 potest.
1669 1947 1791 1995 Cum

414 2026 577 2065 autem
604 2019 903 2081 comparatio
933 2019 1284 2082 magnitudinis
1311 2036 1421 2067 cum
1453 2021 1790 2084 magnitudine

412 2109 500 2155 per
524 2110 581 2141 ea
605 2110 713 2155 quae
738 2094 870 2142 dicta
894 2103 1008 2142 sunt
1033 2095 1192 2158 capite
1210 2095 1535 2158 praecedente,
1560 2096 1612 2143 id
1630 2097 1789 2160 ipsum

413 2169 478 2216 sit
524 2169 657 2230 quod
697 2177 902 2217 vocatur
941 2170 1083 2227 ratio,
1121 2170 1435 2217 manifestum
1476 2179 1550 2218 est
1598 2173 1789 2234 quanti-

412 2251 567 2291 tatem
614 2244 828 2292 secundo
875 2245 1021 2292 modo
1069 2245 1443 2292 determinatam
1478 2245 1600 2292 nihil
1653 2247 1785 2295 aliud

410 2335 515 2366 esse
540 2335 686 2381 quam
710 2319 1025 2366 dimensionis
1049 2336 1149 2367 non
1173 2320 1408 2382 expositae
1432 2320 1495 2367 ad
1514 2322 1784 2383 expositam

407 2395 551 2454 ratio,
575 2395 670 2442 hoc
694 2402 783 2452 est,
809 2395 1139 2456 aequalitatem
1161 2395 1238 2442 vel
1270 2395 1654 2457 inaequalitatem
1678 2398 1782 2460 ejus

407 2487 516 2518 cum
542 2470 765 2533 exposita
789 2477 1097 2533 comparatae.

473 2552 517 2593 3.
554 2547 880 2608 Exponuntur
940 2555 1105 2592 autem
1162 2545 1318 2603 lineae,
1376 2546 1670 2609 superficieS,
1729 2554 1779 2594 et

405 2621 574 2679 solida,
611 2621 770 2684 primo
811 2636 899 2683 per
938 2628 1142 2678 motum,
1180 2636 1237 2667 eo
1278 2620 1425 2668 modo
1472 2636 1569 2682 quo
1617 2621 1776 2683 capite

404 2704 578 2744 octavo
617 2696 840 2759 generari
878 2711 936 2743 ea
976 2695 1200 2751 diximus,
1238 2695 1324 2742 sed
1359 2703 1416 2742 ut
1457 2695 1567 2742 talis
1613 2703 1775 2743 motus

401 2772 608 2834 vestigia
626 2778 884 2826 maneant3
910 2779 967 2818 ut
991 2771 1186 2832 quando
1207 2770 1464 2833 signantur
1482 2770 1534 2817 in
1552 2770 1771 2828 materia,

398 2855 454 2894 ut
477 2847 606 2894 linea
629 2862 774 2908 super
809 2847 1043 2903 chartam,
1067 2845 1143 2893 vel
1167 2845 1320 2892 incisa
1342 2845 1393 2893 in
1428 2845 1632 2892 materia
1655 2860 1771 2892 eon-
