1936 3262
546 270 658 298 v1rAE
681 269 923 298 HOBBIANAE
945 267 1223 298 AucTAmuM,
1463 256 1608 297 xxxvii

227 381 323 424 Hoc
352 391 468 424 tanto
496 381 690 438 praesidio
718 381 888 423 orbatus
930 379 1139 430 Hobbius,
1175 379 1377 421 Romanae
1411 355 1605 430 ecclesiae,

168 472 391 529 spiritualis
410 472 675 523 monarchiae,
697 471 923 514 satellitum
949 480 1063 513 metu
1092 479 1306 527 correptus
1332 480 1406 521 est,
1429 485 1608 527 quorum

169 562 312 606 odium
332 563 590 621 implacabile
610 579 697 606 sese
727 564 874 605 merito
895 562 1116 605 incurrisse
1135 571 1330 612 senserat,
1352 562 1407 604 ob
1427 561 1608 604 detectas

168 654 214 696 in
255 657 511 699 Lem‘athane
548 654 918 697 ecclesiasticorum
958 653 1140 704 technas,
1181 653 1301 710 regni
1340 653 1608 695 tenebrarum

168 745 297 797 dolos,
310 755 354 788 et
367 745 573 803 pontificis
591 745 773 788 Romani
790 754 1035 802 potestatem
1050 745 1167 787 malis
1179 744 1338 787 artibus
1352 753 1606 800 occupatam,

168 851 252 895 qua
280 837 324 879 in
343 837 472 880 civilis
491 837 704 895 potestatis
727 837 828 894 jura
848 837 1083 888 involando,
1106 852 1189 894 qua
1208 836 1383 893 simplici
1402 851 1450 878 ac
1479 836 1609 892 impe-

167 928 260 972 ritae
287 928 516 986 plebeculae
534 928 685 971 sanctis
703 928 922 985 praestigiis
941 927 1180 979 illudend03
1211 942 1340 984 quare
1372 926 1538 969 Parisiis
1567 942 1610 969 se

167 1021 305 1064 minus
324 1030 462 1063 tutum
476 1020 684 1078 judicans,
706 1019 845 1062 media
871 1019 1030 1076 hyemis
1051 1028 1293 1076 tempestate
1312 1018 1543 1075 aufugiens,
1565 1018 1609 1059 in

168 1112 346 1169 patriam
379 1127 423 1155 se
460 1111 662 1162 contulit3
707 1112 825 1168 cujus
865 1111 1023 1154 itineris
1063 1111 1258 1154 molestiis
1296 1110 1491 1168 fatigatus
1519 1110 1609 1166 jam

169 1215 296 1244 senex
326 1201 419 1260 plus
448 1218 574 1260 quam
603 1203 908 1260 sexagenarius,
936 1202 1178 1244 diuturnam
1207 1201 1406 1244 stomachi
1440 1201 1609 1258 aegritu—

169 1291 312 1334 dinem
355 1293 591 1345 contraxit3
639 1294 837 1336 adhibitis
884 1293 1152 1335 nihilominus
1196 1292 1346 1335 debitis
1392 1291 1610 1334 medicinae

166 1383 344 1435 auxiliis,
364 1385 581 1442 pristinam
603 1385 773 1427 tandem
795 1384 1075 1427 valetudinem
1095 1384 1365 1440 recuperavit.

224 1475 400 1518 Annum
422 1479 531 1519 1652
562 1476 748 1519 Londini
780 1476 1011 1532 insumpsit,
1042 1475 1148 1518 urbe
1177 1474 1331 1517 celebri
1360 1483 1403 1516 et
1431 1474 1607 1530 copiosa,

166 1563 461 1610 liberalissimis
510 1567 656 1610 studiis
696 1566 1067 1624 eruditissimisque
1114 1566 1352 1608 hominibus
1399 1564 1608 1615 affluente,

167 1671 345 1714 quorum
373 1657 537 1701 assidua
566 1658 867 1701 consuetudine
896 1667 939 1700 et
970 1657 1221 1715 quotidianis
1255 1656 1470 1713 colloquiis
1500 1655 1610 1697 frue-

165 1747 304 1790 batur.
365 1747 485 1791 Inter
523 1764 627 1806 quos
664 1750 908 1792 eminebant
947 1747 1182 1791 Gulielmus
1223 1748 1429 1798 Harveus,
1468 1746 1608 1798 M.D.,

168 1837 312 1881 Caroli
346 1838 471 1896 primi
500 1839 686 1882 medicus
717 1839 954 1897 primarius,
983 1838 1194 1881 circularis
1227 1839 1440 1897 sanguinis
1474 1848 1610 1881 motus

166 1928 375 1980 inventor,
417 1929 490 1987 qui
521 1939 563 1972 et
593 1939 736 1987 postea
769 1930 964 1980 moriens,
992 1945 1104 1972 anno
1141 1932 1263 1982 1657,
1296 1932 1426 1986 (aetat.
1451 1930 1524 1984 80)
1566 1930 1610 1971 in

166 2021 364 2065 amicitiae
383 2023 680 2075 testimonium,
701 2023 861 2081 aliquot
888 2023 1091 2065 librarum
1112 2022 1385 2080 Anglicarum
1406 2037 1610 2065 summam

166 2108 247 2170 ipsi
266 2122 513 2158 testamento
551 2114 728 2172 legavit:
763 2115 946 2157 Joannes
977 2114 1193 2165 Seldenus,
1224 2113 1265 2157 J.
1286 2114 1346 2164 C.,
1367 2113 1608 2170 polyhistor,

167 2204 441 2263 antiquitatis,
481 2206 665 2249 historiae
705 2215 749 2248 et
792 2205 1035 2268 linguarurg
1071 2204 1335 2248 orientalium
1375 2205 1611 2262 cognitione

167 2295 488 2341 celeberrimus:
522 2299 587 2342 Jo.
610 2298 834 2356 Vaughan‚
863 2298 971 2349 J.C.,
1002 2307 1145 2355 postea
1172 2298 1217 2339 in
1245 2297 1388 2339 Banco
1410 2297 1611 2339 Commu-

167 2386 287 2429 nium
309 2387 564 2432 Placitorum
594 2405 812 2447 supremus
845 2389 1015 2447 Angliae
1039 2388 1314 2446 justitiarius:
1345 2388 1611 2431 Abrahamus

169 2477 389 2530 Cowleius,
418 2479 482 2521 vir
508 2480 703 2523 omnibus
723 2480 909 2522 numeris
928 2480 1113 2536 poeticis,
1145 2479 1259 2538 quod
1284 2489 1471 2522 veterum
1505 2475 1611 2521 n'ulli

166 2569 355 2627 contigit,
376 2569 711 2627 perfectissimus,
726 2570 799 2628 qui
815 2570 941 2613 etiam
958 2558 1177 2613 Hobbium
1190 2570 1412 2613 immortali
1427 2570 1611 2613 carmine

167 2658 392 2704 Pindarico
413 2661 658 2704 celebravit:
689 2676 767 2704 nec
792 2662 985 2704 omittere
1013 2661 1073 2704 fas
1102 2671 1164 2704 est
1186 2660 1382 2705 Carolum
1409 2661 1610 2704 Scarbur-

165 2751 296 2809 gium,
333 2753 473 2804 M.D.,
514 2754 824 2797 mathematices
862 2754 1099 2812 cognitione
1137 2763 1181 2796 et
1224 2752 1442 2796 medicinae
1490 2753 1610 2810 praxi

167 2842 474 2886 clarrissimurn.

225 2934 354 2977 Anno
378 2937 485 2977 1653
516 2935 559 2976 in
592 2935 919 2979 Devoniensium
943 2936 1158 2979 Comitum
1179 2935 1389 2986 familiam,
1418 2950 1607 2978 securum
