1910 3256
460 242 554 286 368
1015 259 1268 294 PHYSICA.

211 366 341 443 ΡΑΒ2ξ
349 367 405 400 IV
457 363 661 411 eandem
707 381 901 414 causam
942 368 1153 416 refracta
1186 378 1345 419 rectae
1389 371 1426 418 C
1445 371 1499 430 L,
1539 379 1676 420 recta
1719 371 1827 420 LP.

230 452 385 477 κνπν
458 438 580 486 Cum
604 455 720 503 ergo
743 442 867 488 radii
890 441 1011 490 nihil
1034 443 1167 491 aliud
1190 453 1304 492 sunt
1328 461 1474 508 quam
1492 446 1583 493 viae
1607 453 1829 494 motuum

206 501 416 584 ζξξξζᾶζζῖε
454 524 850 589 propagatorum,
867 525 1006 565 tanto
1033 519 1366 568 vehementior
1391 522 1484 568 erit
1506 530 1668 568 motus
1701 521 1830 570 circa

457 590 494 636 P
514 606 657 653 quam
681 593 810 639 circa
834 593 877 639 A
894 593 933 640 B
950 594 1002 651 C,
1030 603 1210 656 quanto
1242 596 1371 643 basis
1405 596 1642 659 portionis
1675 597 1715 642 A
1733 596 1829 644 BG
1897 652 1904 669 θ

454 666 610 728 major
634 675 708 714 est
738 668 852 714 base
880 668 1048 716 similis
1082 671 1322 731 portionis
1357 671 1408 718 in
1449 671 1652 734 sphaera,
1691 673 1849 734 cujus

455 748 677 788 centrum
712 750 785 790 est
813 744 863 801 Ρ,
902 744 1186 806 magnitudo
1222 753 1375 804 tanta,
1412 754 1647 809 quantam
1666 746 1842 794 ¹habet-

453 816 675 865 circellus
696 818 825 865 circa
848 818 898 877 P,
934 821 1350 882 comprehendens
1381 838 1549 869 omnes
1579 821 1742 870 radios
1764 822 1827 869 ab

451 891 556 954 ipsa
578 893 718 941 ABG
740 903 1065 957 propagatos;
1103 911 1212 958 quae
1236 897 1434 959 quidem
1458 897 1650 960 sphaera
1671 897 1848 945 multo·
1899 943 1900 946 ,

451 967 612 1014 11111101·
635 976 707 1016 est
738 985 883 1032 quam
913 970 1103 1032 sphaera
1132 970 1176 1017 A
1192 971 1231 1018 B
1251 971 1304 1018 C.
1375 972 1535 1020 Multo
1560 988 1677 1035 ergo
1701 973 1828 1020 cele-

451 1042 551 1089 rius
574 1051 737 1105 partes
760 1044 923 1102 medii,
947 1045 999 1092 id
1022 1053 1112 1102 est,
1133 1046 1256 1093 aeris
1282 1046 1411 1094 circa
1434 1047 1471 1094 P
1493 1047 1601 1095 loca
1623 1048 1754 1095 inter-
1776 1063 1827 1095 se

453 1119 823 1166 commutabunt
854 1136 1000 1183 quam
1035 1121 1166 1168 circa
1194 1122 1239 1168 A
1260 1122 1299 1169 B
1317 1122 1370 1170 C.
1440 1123 1606 1170 Posita
1636 1138 1753 1186 ergo
1774 1123 1827 1171 in

452 1193 489 1239 P
517 1194 720 1240 materia
748 1195 1089 1253 combustibili,
1125 1196 1175 1243 id
1209 1204 1298 1255 est,
1335 1197 1630 1260 dissipabili;
1664 1206 1828 1261 partes

451 1269 569 1330 ejus,
595 1268 634 1314 si
657 1268 802 1316 modo
827 1270 942 1316 satis
965 1286 1193 1333 magnam
1215 1272 1448 1319 faciamus
1472 1273 1712 1321 rationem
1734 1273 1826 1322 AC

451 1343 512 1390 ad
536 1343 741 1390 similem
762 1344 1038 1406 portionem
1064 1346 1244 1393 circelli
1268 1347 1399 1394 circa
1416 1347 1467 1404 P,
1487 1347 1826 1395 liberabuntur

451 1435 481 1466 a
517 1418 790 1466 cohaesione
827 1427 1010 1478 mutua,
1053 1428 1336 1484 motumque
1377 1438 1514 1469 suum
1559 1422 1825 1486 simplicem
1872 1436 1886 1461 Γ

451 1494 690 1556 recipient
729 1494 1032 1543 dissilientes.
1104 1496 1201 1543 Sed
1236 1505 1398 1544 motus
1440 1497 1643 1560 simplex
1679 1499 1825 1546 vehess

451 1585 588 1616 mens
627 1578 831 1632 generat
872 1571 923 1618 in
962 1571 1225 1634 aspiciente
1264 1573 1552 1635 phantasma
1589 1572 1739 1621 lucidi
1773 1582 1824 1622 et

448 1644 607 1701 calidi,
641 1653 697 1692 ut
731 1645 877 1692 modo
907 1646 1291 1693 demonstratum
1332 1654 1406 1693 est
1448 1646 1507 1693 de
1534 1654 1673 1694 motu
1709 1648 1822 1695 solis

447 1719 679 1782 simplice.
749 1720 855 1767 Erit
878 1737 994 1783 ergo
1026 1721 1229 1768 materia
1264 1722 1631 1781 combustibilis,
1665 1723 1847 1785 posita·-
1903 1764 1906 1765 γ

445 1794 496 1840 111
520 1795 571 1852 P,
603 1795 735 1842 facta
761 1795 924 1842 lucida
959 1804 1009 1843 et
1046 1796 1217 1851 calida,
1252 1797 1302 1844 id
1338 1805 1426 1854 est,
1463 1797 1604 1860 iguis.
1671 1797 1821 1845 Exhi-
1850 1832 1854 1847 ·‚

443 1870 636 1917 buimus
670 1886 787 1933 ergo
819 1887 1013 1918 causam
1042 1871 1168 1934 ignis
1204 1871 1512 1933 possibilem,
1501 1891 1511 1901 ·
1550 1872 1682 1934 quod
1715 1880 1846 1920 erat,

442 1944 733 1992 faciendum.

161 2022 426 2080 Genefafiffignis
511 2027 555 2067 5.
592 2021 636 2067 A
677 2020 823 2068 modo
862 2037 957 2083 quo
994 2021 1109 2068 501
1097 2038 1260 2085 lgnem
1296 2030 1515 2085 generat,
1556 2021 1698 2068 facile
1743 2029 1843 2069 est

160 2077 178 2096 a
194 2067 367 2099 ⁰⁰U⁴⁵¹⁰ne⁶
443 2096 685 2158 explicare
707 2096 907 2143 modum
931 2112 1028 2159 quo
1051 2097 1276 2159 generari
1298 2105 1464 2160 potest
1500 2096 1627 2160 ignis
1656 2112 1696 2143 a
1717 2097 1818 2144 col-
1836 2110 1845 2115 ·“

440 2171 612 2218 11510116
645 2171 854 2219 duorum
887 2171 1099 2219 silicum.
1170 2173 1298 2220 Nam
1335 2173 1396 2219 ab
1429 2172 1535 2235 ipsa
1566 2171 1816 2220 collisione

439 2247 612 2309 lapidis
635 2247 890 2309 particulae
913 2247 1088 2310 aliquae
1113 2263 1172 2294 ex
1205 2247 1279 2305 iis,
1317 2263 1427 2310 quae
1450 2247 1608 2310 ipsum
1631 2254 1815 2294 coactae

440 2322 764 2379 constituunt,
788 2321 1021 2369 violentia
1044 2338 1222 2385 magna
1241 2322 1568 2385 effringuntur
1587 2342 1599 2376 ;
1635 2337 1705 2369 eae
1729 2338 1813 2369 au-

438 2405 556 2455 tem,
578 2397 820 2460 vertigine
840 2405 1093 2460 concepta,
1119 2397 1372 2444 exilientes
1392 2397 1584 2444 oculum
1599 2405 1811 2455 movent,

436 2481 492 2520 ut
516 2473 566 2519 in
590 2472 906 2535 generatione
922 2472 1050 2519 lucis
1075 2488 1104 2519 a
1127 2472 1243 2519 sole.
1315 2472 1570 2519 Collucent
1594 2487 1727 2534 ergo,
1761 2479 1813 2519 et

436 2549 487 2595 in
510 2547 764 2594 materiam
792 2548 893 2609 jam
937 2555 1051 2594 ante
1090 2547 1512 2609 semidissipatam,
1547 2546 1702 2609 qualis
1736 2554 1837 2594 estv

435 2623 588 2670 fomes
612 2639 670 2670 ex
696 2623 950 2670 combusto
975 2622 1142 2680 linteo,
1167 2630 1333 2684 partes
1352 2622 1479 2669 illius
1504 2622 1745 2684 dissipant*
1758 2629 1810 2669 et

436 2699 690 2746 excutiunt
724 2714 834 2745 cum
857 2698 1127 2760 vertigine3
1164 2697 1277 2744 inde
1308 2707 1487 2756 autem,
1523 2704 1578 2744 ut
1596 2700 1712 2744 ante
1733 2704 1829 2744 est-

435 2781 699 2831 ostensum,
724 2773 806 2820 lux
831 2781 881 2820 et
906 2773 1053 2830 calor,
1078 2772 1129 2819 id
1153 2780 1239 2830 est,
1259 2773 1387 2835 ignis
1410 2779 1688 2835 generatur.
