1936 3262
575 273 690 303 VITAE
713 273 960 303 HOBBIANAE
982 272 1265 302 AUCTARIUM.
1580 260 1641 302 lix

184 385 328 429 dionem
339 384 517 443 sugeret,
533 393 697 442 spectra
712 395 903 427 metuens
917 393 961 427 et
974 383 1279 442 phantasmata,
1298 399 1405 426 vana
1419 385 1644 428 stultorum

185 476 538 527 terriculamenta,
572 491 670 534 quae
705 475 980 533 philosophiae
1020 491 1107 519 suae
1146 475 1307 518 lumine
1346 475 1640 533 dissipaverat3

182 581 272 611 non
299 567 456 624 injuria
485 576 625 610 tamen
655 567 763 609 forte
790 567 1027 609 subveritus
1057 575 1120 608 est
1148 581 1203 608 ne
1231 566 1286 608 ab
1316 565 1397 608 illis
1416 566 1471 608 ad
1494 567 1644 610 Plures

183 659 436 710 mitteretur,
457 674 638 717 quorum
667 658 895 701 commodis
911 658 1165 709 adversatus,
1187 658 1374 715 ipsorum
1400 658 1577 702 artificia
1596 675 1645 704 ac

185 750 386 794 versutias
395 741 571 808 ¹publico
585 761 729 808 aperte
744 751 1057 808 conspiciendas
1069 749 1328 807 praebuisset.
1377 750 1644 808 Religionem

186 839 471 884 Christianam
492 850 698 900 quatenus
718 841 762 883 in
783 841 956 884 ecclesia
977 841 1227 899 Anglicana‚
1249 841 1418 884 resectis
1446 843 1645 899 supersti-

185 931 310 975 tionis
323 932 506 990 ineptiis,
523 932 645 990 regni
664 932 828 990 legibus
844 932 1068 984 stabilitur,
1086 947 1142 975 ex
1160 932 1302 975 animo
1321 932 1538 990 amplexus
1559 943 1644 985 est3

185 1037 314 1080 quam
328 1022 470 1075 etiam,
486 1032 634 1066 contra
648 1023 959 1081 pontificiorum
973 1023 1152 1066 simulet
1163 1024 1436 1068 sectariorum
1451 1024 1643 1076 insultus,

185 1121 355 1156 strenue
373 1115 668 1172 propugnavit.
729 1115 1050 1158 Controversias
1066 1115 1239 1173 quidem
1254 1114 1508 1173 theologicas
1528 1131 1646 1158 max-

185 1203 270 1248 ime
295 1190 509 1248 aversatus
539 1214 628 1248 est:
659 1205 862 1263 quicquid
895 1215 1037 1248 autem
1064 1206 1119 1248 ad
1146 1207 1311 1264 pietatis
1341 1208 1542 1249 exercitia
1572 1217 1648 1250 aut

184 1295 318 1339 bonos
346 1310 484 1339 mores
501 1294 735 1347 conferret,
764 1295 936 1353 plurimi
965 1295 1075 1339 fecit.
1138 1297 1332 1340 Sanctius
1367 1297 1427 1338 illi
1457 1306 1500 1339 et
1529 1312 1646 1339 reve·-

185 1387 347 1429 rentius
384 1386 534 1438 visum,
575 1389 645 1430 De
683 1390 775 1431 Deo
814 1391 996 1439 credere,
1037 1403 1167 1446 quam
1205 1391 1322 1432 scire.
1401 1387 1648 1430 Sacerdotes

185 1477 363 1523 interim·
388 1476 616 1534 *inculpare
656 1476 801 1520 solitus
839 1477 931 1528 est,¹
958 1478 1032 1535 qui
1075 1477 1360 1521 Christianam
1399 1478 1646 1536 religionem

185 1568 421 1613 absolutam
451 1583 501 1611 ac
533 1568 778 1626 simplicem,
816 1568 882 1612 vel
913 1569 1207 1626 superstitione
1242 1569 1515 1621 macularent,
1543 1569 1645 1626 νεΙγι

185 1658 396 1711 inanibus,
415 1658 630 1703 interdum
649 1658 834 1716 profanis
854 1659 1209 1716 speculationibus
1230 1659 1508 1717 implicarent.

245 1750 419 1808 Optime
443 1760 586 1793 autem
609 1749 765 1807 populo
795 1749 1031 1793 consultum
1063 1749 1152 1793 fore
1181 1751 1357 1802 censuit,
1378 1751 1412 1793 si
1432 1751 1646 1794 scholasti-

185 1855 332 1886 corum
363 1841 612 1900 dogmatum
638 1841 741 1892 vice,
773 1841 886 1898 aequi
912 1841 1100 1898 rectique
1126 1850 1349 1898 praecepta,
1380 1851 1424 1884 et
1443 1843 1508 1899 cuj
1516 1858 1647 1900 usque

185 1931 351 1990 imperii
389 1931 503 1990 leges
545 1932 686 1975 civiles
724 1931 893 1989 publice
931 1931 1223 1983 recitarentur,
1265 1932 1417 1990 quibus
1456 1933 1647 1977 homines

185 2022 241 2068 ad
267 2038 395 2069 suum
421 2039 524 2083 erga
552 2024 821 2082 magistratus
849 2023 1098 2081 obsequium
1125 2033 1357 2082 mutuaque
1387 2025 1486 2067 vitae
1515 2025 1647 2068 civilis

185 2115 321 2160 officia
339 2115 637 2159 formarentur.
698 2115 794 2173 Ipse
823 2116 952 2158 etiam
980 2125 1154 2158 conatus
1183 2125 1246 2158 est
1269 2116 1464 2167 maxime,
1486 2125 1533 2158 ut
1552 2126 1647 2174 post

186 2215 322 2250 rectos
353 2207 409 2249 de
438 2222 602 2250 summo
632 2206 809 2249 numine
839 2216 1078 2264 conceptus,
1115 2206 1236 2249 dictis
1266 2207 1364 2249 vitae
1393 2206 1538 2249 officiis
1558 2217 1646 2250 tam

161 2297 378 2356 ‚publicis,
421 2314 550 2356 quam
583 2298 769 2356 privatis,
805 2298 860 2341 ad
890 2298 1055 2341 virtutis
1086 2307 1129 2340 et
1163 2298 1401 2355 prudentiae
1433 2299 1645 2343 dictamen

187 2389 268 2432 rite
297 2388 559 2448 fimgeretur.
620 2389 771 2448 Itaque
799 2390 948 2447 patriae
984 2389 1212 2432 commodis
1246 2389 1433 2447 impense
1459 2391 1621 2434 studuit
1634 2408 1646 2443 ς

187 2490 232 2523 et
249 2479 372 2538 Regi,
390 2480 539 2537 patriae
554 2481 678 2538 patri,
699 2481 940 2524 fidelissime
968 2481 1207 2532 inservivit3
1238 2481 1282 2522 in
1297 2482 1441 2525 amicis
1461 2482 1646 2526 colendis

189 2570 408 2629 religiosus
426 2570 519 2623 fuit,
540 2572 583 2614 in
605 2583 805 2630 cognatos
825 2587 986 2615 summe
1005 2573 1255 2625 munificus3
1285 2574 1353 2615 cui
1373 2573 1502 2617 fidem
1521 2574 1646 2618 faciat

189 2661 346 2706 fundus
360 2662 665 2715 haereditarius,
697 2665 823 2721 pretii
842 2679 928 2707 non
958 2664 1269 2716 contemnendi,
1291 2665 1434 2708 multis
1462 2667 1517 2710 ab
1545 2667 1644 2711 hinc

188 2753 311 2796 annis
349 2752 470 2796 fratri
508 2754 620 2797 dono
659 2755 808 2806 datus3
859 2755 973 2812 quod
1022 2755 1147 2797 etiam
1187 2765 1384 2812 nepotem
1422 2773 1476 2800 ex
1514 2757 1645 2802 fratre

188 2843 398 2888 bonorum
435 2843 697 2888 decoctorem
729 2846 920 2889 ducentis
953 2846 1071 2889 libris
1107 2846 1354 2901 Anglicanis
1385 2849 1618 2893 sublevavit
1631 2867 1643 2903 ;

354 2971 374 3010 †
399 2970 461 3002 Διὰ
476 2969 634 3011 βεέἡλες,
651 2973 864 3014 κενοφωνίας,
880 2972 1006 3014 μωρὰς,
1024 2973 1079 3004 καὶ
1096 2971 1304 3011 ἀπαιδεύτες
1319 2973 1484 3013 ζητήσεις.
