1936 3262
637 264 738 292 vrrA
760 264 864 293 THO.
890 264 1076 292 nonnus.
1504 250 1590 292 xvii

128 385 175 419 ut
194 375 424 427 haereticas,
458 386 547 418 tum
570 385 616 417 ut
642 375 832 432 partibus
859 372 983 433 regiis
1003 375 1209 426 adversas,
1233 375 1442 418 criminati
1464 385 1562 418 sunt
1575 393 1587 427 3

125 476 168 516 et
188 467 356 510 valuere
375 467 547 526 quidem
575 466 820 525 aliquandiu
852 466 1073 510 calumniae
1111 466 1207 517 illae,
1246 466 1287 507 in
1325 462 1503 518 tantum,
1537 477 1584 509 ut

124 557 250 600 domo
270 558 386 615 regia
405 558 640 615 prohibitus
661 557 799 599 fuerit.
860 557 958 606 Quo
981 556 1137 600 factum
1155 567 1231 609 est,
1255 567 1302 599 ut
1322 559 1584 615 protectione

123 647 241 706 regia
278 648 513 699 destitutus,
556 658 830 705 metuensque
871 662 924 689 ne
963 662 988 690 a
1027 647 1186 690 clericis
1225 648 1442 699 Romanis,
1481 664 1587 706 quos

121 739 335 796 praecipue
369 739 545 790 laeserat,
583 739 691 781 male
724 747 986 789 tractaretur,
1021 739 1066 779 in
1098 738 1298 797 Angliam
1329 749 1496 782 coactus
1533 740 1586 782 sit

121 829 326 888 refugere.
390 831 574 873 Rediens
595 831 638 872 in
664 829 877 887 Angliam,
903 830 1198 872 concionantes
1228 830 1399 888 quidem
1423 831 1583 874 invenit

121 921 165 963 in
186 921 379 973 ecclesiis,
402 922 475 964 sed
494 921 726 973 seditiosos3
757 922 882 964 etiarn
904 936 1047 978 preces
1068 922 1409 978 extemporarias,
1431 933 1473 966 et
1494 923 1585 967 illas

119 1013 310 1064 audaces,
344 1023 387 1056 et
407 1029 714 1071 nonnunquam
734 1013 1010 1071 blasphemas,
1043 1013 1281 1070 symbolum
1311 1023 1453 1056 autem
1484 1014 1585 1057 fidei

119 1104 298 1157 nullum,
318 1105 564 1163 decalogum
586 1105 775 1155 nullum余
806 1105 924 1156 adeo,
947 1115 995 1148 ut
1015 1120 1090 1162 per
1121 1114 1204 1147 tres
1234 1106 1391 1162 primos
1419 1122 1583 1149 menses

119 1211 205 1238 non
245 1196 454 1239 invenerit
493 1197 745 1254 quibuscum
780 1196 823 1237 in
859 1196 984 1238 sacris
1020 1196 1331 1239 communicare
1384 1198 1582 1255 potuerit.

121 1285 316 1329 Tandem
336 1287 390 1330 ab
410 1287 544 1330 amico
571 1287 722 1329 ductus
754 1287 808 1328 ad
840 1286 1069 1336 ecclesiam,
1101 1302 1126 1328 a
1155 1302 1229 1329 suo
1260 1287 1439 1345 hospitio
1469 1288 1583 1346 plus-

119 1391 248 1434 quam
282 1377 396 1419 mille
428 1393 570 1435 passus
602 1378 840 1428 distantem,
881 1377 952 1420 ubi
986 1387 1128 1434 pastor
1164 1388 1254 1420 erat
1273 1379 1337 1419 vir
1372 1379 1508 1422 bonus
1540 1390 1584 1422 et

118 1467 279 1519 doctus,
301 1469 374 1526 qui
394 1478 436 1511 et
455 1470 632 1511 Coenam
656 1469 830 1511 Domini
853 1468 936 1520 ritu
958 1468 1233 1511 ecclesiastico
1258 1469 1580 1522 administravit,

119 1575 214 1602 cum
236 1559 307 1602 illo
327 1560 370 1602 in
401 1560 525 1603 sacris
557 1561 893 1603 communicavit.
956 1560 1153 1603 Alterum
1185 1560 1263 1603 hoc
1293 1561 1462 1618 signum
1491 1572 1582 1604 erat

118 1667 204 1694 non
224 1651 350 1694 modo
370 1651 550 1694 hominis
572 1652 755 1709 partium
777 1651 1087 1709 episcopalium,
1106 1652 1179 1694 sed
1200 1653 1326 1695 etiam
1350 1652 1581 1695 Christiani

118 1742 268 1786 sinceri
282 1759 294 1794 余
325 1757 424 1785 nam
445 1742 516 1785 illo
537 1751 725 1800 tempore
754 1743 809 1785 ad
839 1743 1055 1786 ecclesiam
1088 1759 1386 1802 quamcunque
1416 1745 1581 1802 legibus

117 1844 191 1877 aut
211 1844 324 1877 metu
346 1835 575 1892 cogebatur
596 1850 734 1892 nemo.
798 1834 908 1884 Quae
931 1835 1061 1893 igitur
1081 1836 1274 1894 episcopo
1306 1837 1504 1894 cuiquam
1535 1838 1578 1879 in

117 1926 237 1970 illum
256 1942 380 1970 causa
400 1927 474 1970 irae
495 1943 582 1970 esse
598 1927 747 1985 potuit,
767 1927 846 1969 nisi
862 1928 914 1978 ei,
934 1928 1007 1985 qui
1022 1928 1235 1970 neminem
1256 1943 1281 1970 a
1302 1943 1345 1970 se
1361 1928 1580 1970 dissentire

115 2017 216 2074 pati,
237 2033 313 2075 per
332 2019 585 2075 superbiam,
611 2018 782 2076 posset?
843 2018 1013 2062 Interea
1044 2019 1279 2062 doctrinam
1309 2021 1399 2076 ejus
1430 2020 1580 2063 acade-

117 2109 215 2152 mici
254 2119 298 2152 et
335 2108 600 2152 ecclesiastici
640 2110 982 2153 condemnabant
1017 2111 1105 2154 fere
1139 2127 1303 2163 omnes3
1350 2111 1580 2155 laudabant

117 2199 278 2242 nobiles
312 2209 355 2242 et
390 2201 467 2243 viri
501 2201 613 2244 docti
649 2217 702 2244 ex
736 2202 863 2245 laicis.
949 2202 1186 2245 Refellebat
1233 2218 1384 2254 nemo余
1441 2214 1578 2255 conat,

116 2289 318 2342 refellere,
349 2291 670 2335 confirmabant.
734 2293 909 2350 Scripsit
940 2293 1068 2344 enim,
1105 2309 1190 2336 non
1221 2310 1274 2336 ex
1301 2295 1516 2338 auditione
1537 2306 1580 2338 et

115 2380 295 2424 lectione
316 2393 362 2425 ut
383 2383 592 2435 scholaris,
624 2385 698 2427 sed
717 2401 772 2428 ex
798 2385 961 2442 judicio
991 2387 1174 2444 proprio,
1207 2388 1375 2445 cognita
1404 2399 1447 2430 et
1475 2404 1579 2446 pen-

116 2473 239 2516 sitata
258 2475 411 2526 omnia,
434 2491 626 2519 sermone
646 2493 752 2534 puro
773 2487 815 2520 et
834 2479 1068 2535 perspicuo,
1087 2494 1165 2520 nec
1186 2479 1406 2521 rhetorico.
1453 2480 1577 2523 Stan-

117 2573 204 2627 tem
225 2565 336 2608 inter
355 2567 509 2610 amicos
529 2578 572 2610 et
591 2568 793 2620 inimicos,
817 2570 935 2627 quasi
959 2570 1000 2611 in
1024 2569 1273 2627 aequilibrio,
1296 2569 1488 2614 fecerunt
1518 2572 1577 2614 illi

115 2670 172 2698 ne
205 2656 261 2699 ob
297 2656 530 2700 doctrinam
566 2660 899 2717 opprimeretur3
930 2661 986 2711 hi,
1024 2677 1077 2704 ne
1113 2672 1352 2719 augeretura
1427 2663 1577 2721 Itaque

115 2745 286 2789 fortuna
306 2748 435 2800 tenui,
457 2749 570 2793 fama
596 2751 801 2794 doctrinae
831 2753 1006 2810 ingenti,
1045 2753 1089 2794 in
1116 2753 1284 2810 patroni
1314 2754 1377 2796 sui
1400 2755 1577 2798 Comitis

117 2835 324 2880 Devoniae
342 2837 522 2896 hospitio
541 2855 616 2897 per
636 2851 839 2885 caeterum
859 2842 958 2885 vitae
979 2852 1143 2900 tempus
1163 2855 1366 2901 perpetuo
1395 2846 1574 2898 delituit,

116 2928 254 2972 studio
274 2934 424 2972 vacans
444 2932 687 2988 geometriae
719 2942 762 2975 ct
792 2932 1067 2990 philosophiae
1099 2935 1326 2987 naturalis余
1358 2936 1575 2995 ediditque

1382 3045 1405 3071 0
