1936 3262
416 255 538 296 xcviii
928 270 1027 306 y1TA
1049 270 1153 300 ΤΗο.
1173 269 1357 299 nonnus.

532 378 721 435 Exiguus
743 379 842 421 mibi
863 379 1016 421 fundus
1037 389 1126 422 erat
1145 381 1419 439 propriusque
1440 381 1618 432 relictus,
1731 390 1733 392 ’
1921 398 1936 451 ⁴3

587 469 725 518 Quem
747 469 862 511 fratri
883 469 1007 519 dono,
1029 469 1179 512 ductus
1198 485 1352 521 amore,
1374 471 1484 514 dedi.

531 559 665 602 Parva
685 560 935 616 superficies,
958 560 1031 602 sed
1051 559 1181 603 millia
1199 561 1332 604 multa
1352 561 1512 604 ferebat

587 651 829 693 Granorum
850 652 988 702 tritici,
1011 667 1109 694 nam
1128 652 1241 694 bona
1260 662 1372 694 terra
1391 652 1482 694 fuit.

529 741 679 798 Longa
699 742 795 783 satis
816 742 920 784 votis
940 757 1113 799 regum3
1144 752 1186 785 et
1206 743 1285 785 nisi
1306 753 1393 786 tota
1412 743 1607 786 deorsum

583 832 718 874 Tensa
738 832 856 883 foret,
881 833 975 875 Rex
995 849 1108 875 nunc
1127 849 1303 892 magnus
1322 834 1499 877 haberer
1518 849 1608 891 ego.

530 922 592 967 Ut
612 923 794 979 primum
814 923 915 965 belli
935 925 1044 966 sensi
1065 924 1195 967 civilis
1215 925 1406 976 odorem,

585 1013 642 1054 Et
661 1013 864 1069 populum
884 1024 1028 1056 ventos
1049 1014 1135 1056 vidi
1155 1015 1332 1072 agitasse
1350 1016 1484 1057 levem
1503 1031 1512 1056 :

527 1104 685 1152 Quaero
707 1103 843 1145 locum
864 1104 1022 1155 studiis,
1045 1114 1088 1147 et
1108 1106 1204 1147 vitae
1223 1106 1561 1156 commodiorem,

585 1193 706 1235 Hinc·
719 1209 786 1235 me
808 1194 988 1236 Parisios
1009 1196 1212 1238 transfero
1230 1211 1404 1253 remque
1422 1211 1573 1239 meam.

529 1283 783 1341 Quingentae
805 1285 907 1326 mihi
926 1295 1016 1328 erat
1035 1296 1254 1329 numerata
1272 1287 1450 1343 pecunia
1468 1287 1602 1338 librae,
1641 1271 1644 1273 Π

585 1374 695 1416 Cum
715 1373 878 1431 fugiens
897 1376 1044 1432 patriae
1064 1375 1205 1419 littora
1223 1377 1371 1434 linquo
1387 1393 1516 1420 meae:

526 1464 606 1506 His
626 1465 719 1507 aliae
738 1466 862 1522 paulo
882 1476 975 1523 post
994 1482 1201 1510 accessere
1220 1469 1456 1524 ducentae,†

585 1555 642 1597 Et
661 1556 784 1597 simul
805 1557 1030 1599 immensus
1051 1567 1360 1615 perpetuusque
1379 1558 1512 1600 dolor.

529 1644 817 1701 (Godolphine
831 1647 946 1702 jaces
962 1665 971 1698 ;
1003 1662 1121 1703 purae
1141 1648 1313 1690 rationis
1332 1658 1506 1699 amator,

582 1735 610 1777 J
612 1737 764 1778 ustitiae
783 1746 826 1778 et
846 1737 949 1778 Veri
968 1737 1086 1780 miles
1105 1739 1297 1789 amande,
1317 1738 1441 1792 vale.)

527 1826 657 1868 Venit
676 1836 719 1868 et
738 1842 762 1871 e
781 1827 917 1883 patria
936 1828 1039 1869 mihi
1058 1829 1203 1884 pensio
1223 1839 1337 1871 certa
1352 1829 1590 1886 quotannis,

583 1916 680 1970 Bisss
701 1917 988 1974 quadragintis
1004 1919 1190 1960 constitit
1208 1919 1280 1961 illa
1298 1919 1429 1964 libris.

527 2007 694 2049 Deinde
718 2007 851 2049 redux
867 2008 970 2049 mihi
993 2008 1088 2050 Rex
1108 2010 1309 2052 concessit
1327 2010 1484 2052 habere
1502 2011 1724 2068 quotannis

584 2099 767 2140 Centum
786 2098 886 2140 alias
905 2098 1033 2141 libras
1053 2099 1180 2155 ipsius
1200 2115 1254 2142 ex
1272 2100 1429 2152 loculis,

527 2188 664 2230 Dulce
686 2188 787 2230 mihi
806 2189 978 2233 donum.
1040 2190 1240 2233 Convicia
1260 2206 1410 2247 sperno
1431 2191 1620 2241 aliorum,

584 2279 767 2329 Quando
787 2289 892 2322 teste
911 2281 999 2337 ipso
1014 2281 1182 2337 judicor
1201 2298 1289 2325 esse
1308 2284 1477 2340 probus.

530 2370 610 2412 His
630 2386 708 2428 ego
728 2381 947 2414 contentus
968 2374 1074 2425 vivo,
1096 2389 1174 2418 nec
1193 2375 1371 2431 praefero
1390 2374 1538 2432 piura3

585 2461 690 2510 Quis
710 2461 835 2504 vellet
853 2477 977 2505 sanus
997 2479 1042 2506 re
1062 2464 1200 2507 minor
1220 2480 1307 2507 esse
1327 2443 1431 2507 sua?

529 2552 650 2602 Rem,
672 2552 706 2594 si
726 2552 897 2609 quando
917 2553 1046 2605 lubet,
1068 2570 1144 2611 per
1163 2565 1319 2597 vestros
1338 2564 1518 2612 supputo
1541 2558 1705 2606 Sousos,

587 2642 651 2684 Ut
670 2642 744 2684 fiat
763 2643 922 2699 major:
953 2644 987 2685 si
1004 2659 1142 2701 neque
1161 2645 1219 2687 sic
1239 2645 1335 2687 satis
1353 2654 1427 2695 est,

480 2817 498 2855 †
515 2816 567 2847 Ex
582 2816 703 2857 Legato
720 2818 816 2860 Sydn.
835 2818 1040 2859 Godolphini.
1205 2821 1222 2858 1
1238 2819 1290 2850 Ex
1302 2829 1434 2851 munere
1449 2819 1584 2851 Comitis
1598 2819 1763 2852 Devoniae.
