1936 3262
537 281 650 311 vrrAE
672 281 916 312 Romnum:
936 282 1214 312 Auc'rARmM.
1557 270 1629 312 xlv

189 391 363 436 comitis
380 401 524 450 postea
552 392 839 444 Devoniensis,
867 409 921 436 ex
949 393 1310 437 commendatione
1338 393 1446 436 aulae
1476 394 1631 451 princi-

187 482 292 542 palis
309 491 478 526 vocatus
506 493 581 526 est.
641 483 770 540 Apud
796 483 908 527 hunc
937 484 1074 527 virum
1102 483 1299 535 nobilem,
1330 499 1425 526 cum
1457 485 1627 543 ingenio

188 579 308 631 ανῆ·
325 585 369 618 et
386 574 604 627 industrio,
633 590 712 618 nec
740 585 880 618 tamen
910 575 1152 633 injucundo,
1183 590 1270 618 non
1296 575 1430 618 levem
1449 576 1629 633 gratiam

188 666 357 718 iniisset,
377 667 432 710 ab
446 666 593 710 eodem
613 666 779 710 habitus
798 676 861 709 est
879 666 1045 724 dignus,
1074 675 1122 708 ut
1140 665 1228 708 filio
1254 675 1359 708 natu
1378 666 1562 709 maximo
1583 667 1628 709 in

187 767 352 802 exteras
370 748 560 816 regiones
578 758 856 816 proficiscenti
875 757 983 800 latus
1003 766 1175 814 tegeret.
1239 756 1290 799 In
1314 756 1495 799 Galliam
1516 773 1631 816 ergo,

187 858 233 893 et
250 849 350 892 inde
367 849 412 891 in
433 848 598 892 Italiam
609 849 826 900 transiens,
840 863 926 892 non
941 848 1192 891 mediocrem
1205 847 1379 890 istarum
1394 848 1631 905 regionum,

188 939 275 984 sive
306 939 483 999 linguas,
513 940 598 983 sive
630 940 820 983 homines
853 954 1072 998 moresque
1105 938 1311 996 respicias,
1343 939 1631 996 cognitionem

188 1031 427 1090 reportavit.
485 1031 583 1074 Non
604 1032 823 1074 immemor
842 1032 1009 1074 interim
1026 1032 1190 1074 Graecae
1206 1040 1249 1073 et
1266 1030 1432 1073 Latinae
1451 1030 1628 1089 linguae,

190 1137 293 1181 quas
319 1122 487 1180 Juvenis
514 1122 721 1174 hauserat,
753 1123 945 1180 peritiam
975 1123 1088 1165 horis
1122 1122 1359 1164 successivis
1398 1122 1634 1165 renovandi

189 1223 234 1257 et
249 1197 446 1271 augendi,
475 1213 628 1272 logices
657 1223 700 1257 et
731 1213 1003 1271 philosophiae
1031 1213 1313 1271 peripateticae
1349 1213 1463 1255 haud
1498 1228 1631 1271 usque

189 1303 296 1347 adeo
313 1304 510 1356 curiosus,
532 1319 634 1362 quas
654 1304 811 1363 negligi
830 1304 995 1362 passim,
1016 1313 1059 1346 et
1078 1303 1284 1361 praeteriri
1300 1313 1501 1361 tanquam
1513 1304 1635 1347 scho-

190 1395 327 1438 larum
353 1395 512 1439 frivola.
527 1411 554 1439 a
579 1400 682 1441 viris
709 1398 931 1450 cordatis‚‡
965 1410 1054 1452 prae
1084 1410 1128 1438 se
1157 1395 1343 1447 ferebat;
1381 1395 1424 1437 in
1454 1396 1637 1452 patriam

191 1501 392 1538 reversae,
412 1495 555 1544 poetas
573 1496 617 1529 et
635 1485 849 1529 historicos
871 1481 1044 1529 Latinos
1070 1485 1294 1544 diligenter
1323 1485 1485 1543 relegit,
1516 1486 1637 1529 adhi-

192 1578 291 1622 bitis
319 1578 446 1622 etiam
477 1578 846 1637 grammaticorum
874 1577 1102 1621 celebrium
1131 1577 1451 1628 commentariis,
1483 1592 1568 1620 non
1590 1587 1639 1620 ut

193 1668 353 1721 floride,
374 1669 448 1712 sed
477 1679 526 1712 ut
558 1668 710 1712 Latine
736 1677 872 1725 posset
899 1667 1092 1718 scribere,
1114 1676 1157 1709 et
1177 1666 1263 1708 vim
1283 1666 1508 1709 verborum
1528 1667 1640 1725 cogi-

195 1760 291 1804 tatis
309 1770 610 1818 congruentem
629 1759 830 1804 invenire.
891 1758 1009 1801 Inter
1028 1758 1248 1801 historicos
1271 1758 1446 1801 Graecos
1467 1758 1641 1816 Thucy-

194 1850 337 1894 didem
373 1865 463 1909 prae
501 1850 663 1894 caeteris
701 1849 862 1903 dilexit,
912 1858 955 1892 et
993 1849 1131 1892 vacuis
1169 1849 1283 1892 horis
1322 1849 1365 1891 in
1406 1864 1641 1892 sermonem

198 1941 425 2000 Anglicum
439 1941 920 2000 paulatimvconversum,
942 1956 1038 1983 cum
1053 1940 1187 1983 multa
1200 1940 1327 1983 laude
1346 1956 1457 1984 anno
1473 1944 1581 1984 1628
1598 1941 1642 1983 in

197 2034 410 2093 publicum
442 2033 588 2088 edidit,
621 2048 672 2076 eo
702 2033 787 2076 fine
817 2043 866 2075 ut
898 2031 1068 2089 ineptiae
1107 2032 1480 2076 democraticorum
1510 2033 1644 2077 Athe-

197 2125 406 2169 niensium
438 2125 590 2168 nostris
618 2124 858 2167 hominibus
886 2123 1147 2181 patefierent.
1224 2123 1386 2166 Eodem
1415 2139 1527 2167 anno
1547 2140 1644 2168 cum

195 2218 353 2262 Comes
372 2215 649 2260 Devoniensis
668 2214 779 2257 diem
801 2230 925 2257 suum
948 2214 1130 2266 obiisset,
1163 2215 1230 2257 cui
1249 2229 1325 2271 per
1345 2214 1493 2272 viginti
1513 2230 1645 2259 annos

169 2309 328 2353 cliens
356 2307 578 2352 familiaris
615 2307 860 2358 adhaeserat,
910 2307 955 2349 in
996 2306 1178 2350 Galliam
1219 2306 1371 2349 iterum
1409 2307 1526 2358 abiit,
1568 2306 1645 2349 filii

201 2399 259 2443 D.
277 2399 472 2443 Gervasii
493 2398 652 2442 Clifton
685 2397 852 2456 Equitis
878 2413 1021 2441 curam
1057 2412 1272 2456 peragens.
1334 2397 1388 2440 In
1418 2413 1502 2455 qua
1526 2413 1646 2455 pere-

201 2491 450 2550 grinatione,
487 2490 708 2534 Euclidem
742 2491 926 2548 primum
960 2490 1154 2548 inspexit,
1189 2490 1386 2533 methodo
1420 2491 1523 2547 ejus,
1559 2505 1646 2534 non

203 2593 292 2628 tam
309 2583 366 2627 ob
385 2583 679 2635 Theoremata,
714 2598 839 2641 quam
863 2582 918 2625 ob
938 2591 1070 2625 artem
1092 2581 1382 2634 ratiocinandi,
1403 2581 1644 2626 delectatus.

200 2675 336 2719 ‘Anno
355 2677 478 2726 1631,
498 2689 525 2717 a
545 2673 766 2718 Comitissa
781 2674 986 2716 Devoniae
1016 2683 1231 2716 revocatus
1260 2682 1335 2724 est,
1366 2682 1414 2715 ut
1433 2672 1520 2716 filio
1540 2674 1644 2731 ejus,

202 2766 279 2824 qui
313 2764 573 2809 tredecennis
606 2774 709 2817 erat,
741 2765 1009 2823 praeceptoris
1040 2778 1214 2807 munere
1232 2763 1505 2822 fungeretur:
1534 2764 1648 2823 quod

289 2925 310 2966 †
334 2923 429 2958 Quod
443 2934 501 2966 pro
515 2924 618 2957 sobrio
633 2924 800 2967 supposuit
814 2924 976 2957 Decanus.
1141 2921 1159 2965 ἶ
1176 2922 1257 2955 Haec
1268 2922 1308 2954 ab
1321 2922 1432 2954 eodem
1448 2922 1563 2955 deleta.
