1936 3262
479 260 540 311 76
793 276 1142 310 cOMPUTATm
1170 277 1292 310 SIVE
1320 277 1533 312 Loech.

255 386 422 460 mig-31.
476 389 561 430 aut
605 383 816 445 plurium
856 385 1203 432 vocabulorum
1243 386 1560 434 resolutivum
1599 402 1703 435 esse
1743 403 1842 437 non

260 474 421 498 *vv
475 465 653 520 potest.

539 548 637 581 Vn.
676 534 822 583 Quod
839 551 1016 582 nomen
1036 535 1289 582 definitum
1308 537 1464 599 repeti
1486 536 1538 583 in
1562 535 1843 585 definitione

473 623 573 655 non
598 608 770 664 debet3
810 625 926 656 nam
950 610 1203 657 definitum
1223 618 1298 658 est
1321 618 1480 658 totum
1504 611 1840 674 compositum,

474 682 693 731 definitio
717 700 832 732 vero
859 685 1131 747 compositi,
1152 685 1203 732 in
1226 693 1390 748 partes
1413 686 1662 745 resolutio,
1682 694 1841 734 totum

473 765 637 805 autem
661 759 735 806 sui
759 760 910 822 ipsius
933 776 1046 822 pars
1070 775 1174 807 esse
1198 776 1297 807 non
1318 768 1498 822 potest.

193 830 427 907 ggffiffirga·
545 838 617 880 16.
654 833 975 882 Definitiones
1023 834 1130 881 duae
1171 835 1413 897 quaelibet,
1467 852 1575 899 quae
1617 837 1841 899 componi

472 916 677 971 possunt
701 908 752 956 in
776 909 1123 972 syllogismum,
1155 909 1434 972 producunt
1465 909 1840 970 conclusionem,

474 998 580 1046 quae
605 984 718 1046 quia
741 1000 771 1032 a
791 984 1058 1047 principiis,
1089 985 1141 1032 id
1164 991 1238 1032 est
1257 1001 1286 1031 a
1309 983 1687 1044 definitionibus,
1713 984 1842 1032 deri-

472 1066 615 1106 vatur
630 1058 983 1118 demonstrata,
1001 1060 1170 1122 etipsa
1184 1059 1418 1107 derivatio
1437 1060 1537 1107 sive
1553 1059 1840 1123 compositio
1907 1099 1910 1123 3

474 1133 830 1181 demonstratio
856 1134 1050 1182 dicitur.
1117 1135 1349 1182 Similiter
1372 1135 1413 1181 si
1437 1150 1496 1182 ex
1520 1134 1705 1182 duabus
1728 1150 1841 1198 pro-
1872 1133 1918 1183 ’ΞΓ

472 1209 812 1271 positionibus,
837 1226 1042 1272 quarum
1065 1226 1163 1257 una
1183 1217 1256 1256 est
1280 1210 1514 1269 definitio,
1549 1209 1703 1257 altera
1725 1225 1841 1257 con-

474 1283 625 1331 clusio
660 1284 1008 1343 demonstrata,
1043 1284 1348 1347 syllogismus
1382 1285 1484 1343 fiat,
1522 1285 1600 1332 vel
1637 1300 1840 1348 quarum

472 1367 648 1406 neutra
667 1366 742 1406 est
762 1359 996 1417 definitio,
1014 1359 1099 1406 sed
1116 1367 1323 1422 utraque
1338 1359 1472 1422 prius
1492 1360 1838 1418 demonstrata,
1881 1403 1903 1424 :-

471 1428 552 1480 ille
588 1434 893 1497 syllogismus
930 1450 1123 1497 quoque
1159 1434 1510 1483 demonstratio
1553 1434 1746 1494 dicitur,
1789 1443 1839 1482 et

473 1509 542 1556 sic
600 1509 844 1572 deinceps.
932 1509 1375 1556 Demonstrationis
1420 1509 1569 1573 igitur
1620 1509 1839 1557 definitio
1863 1543 1868 1558 2
1910 1505 1917 1511 ’

471 1584 749 1647 hujusmodi
796 1585 903 1632 erit.
992 1585 1366 1631 Demonstratio
1409 1591 1486 1631 est
1519 1584 1840 1648 syllogismus
1906 1627 1908 1629 .

470 1659 550 1706 vel
571 1659 971 1723 syllogismorum
990 1659 1148 1706 series
1164 1675 1196 1705 a
1215 1659 1453 1706 nominum
1472 1658 1839 1720 definitionibus
1884 1651 1914 1726 ἐς

470 1751 623 1797 usque
647 1734 719 1781 ad
738 1733 1092 1781 conclusionem
1112 1733 1334 1781 ultimam
1355 1734 1599 1782 derivata.
1644 1735 1718 1781 Ex
1742 1750 1838 1797 quo
1904 1733 1926 1794 ζ

469 1809 759 1871 intelligitur
778 1825 970 1856 omnem
987 1808 1411 1856 ratiocinationem
1428 1808 1711 1872 legitimam,
1732 1825 1839 1872 quae
1872 1828 1895 1874 χ
1906 1815 1907 1818 ’

468 1883 663 1931 initium
685 1885 834 1932 habet
856 1884 906 1931 in
939 1884 1191 1947 principiis
1213 1884 1356 1942 veris,
1391 1899 1496 1931 esse
1521 1884 1838 1931 scientificam
1889 1889 1917 1915 ³³*

469 1966 520 2006 et
541 1975 706 2007 veram
729 1959 1208 2006 demonstrationem.
1278 1959 1406 2005 Nam
1443 1959 1574 2022 quod
1606 1959 1669 2007 ad
1691 1959 1838 2022 origi-

467 2050 580 2081 nem
616 2034 825 2082 nominis
860 2034 1054 2092 attinet,
1100 2033 1191 2080 etsi
1232 2033 1387 2081 Graeci
1429 2033 1651 2093 ἀποδείξω,
1693 2050 1838 2097 quam
1879 2079 1882 2082 ,

467 2110 630 2157 Latini
662 2110 725 2156 ad
749 2110 949 2156 verbum
973 2115 1217 2156 vertentes
1252 2107 1716 2155 demonstrationem
1752 2125 1836 2172 ap·
1880 2125 1901 2173 ς

466 2185 770 2248 pellaverunt
791 2200 880 2246 pro
906 2200 963 2230 ea
984 2183 1357 2230 ratiocinatione
1390 2183 1492 2230 sola
1523 2192 1835 2246 usurparunt,
1891 2184 1913 2231 J

467 2260 519 2306 in
554 2275 649 2321 qua
673 2259 927 2321 descriptis
954 2258 1100 2306 certis
1134 2258 1274 2305 lineis
1299 2265 1349 2305 et
1382 2258 1550 2321 figuris
1585 2274 1688 2306 rem
1721 2275 1834 2322 pro-

466 2334 679 2381 bandam
702 2334 840 2396 quasi
870 2341 984 2381 ante
1019 2333 1184 2381 oculos
1218 2349 1440 2395 posuere,
1477 2333 1608 2396 quod
1640 2335 1835 2397 proprie

469 2417 544 2456 est
575 2409 866 2467 ἀποδεικνύειν,
903 2408 1003 2456 sive
1039 2415 1327 2466 monstrare,
1364 2415 1527 2455 tamen
1561 2409 1632 2456 ita
1663 2409 1834 2457 fecisse
1880 2408 1883 2411 ’

469 2485 531 2532 ob
574 2500 681 2531 eam
726 2499 921 2530 causam
961 2483 1204 2540 videntur,
1259 2483 1372 2545 quia
1415 2491 1740 2547 praeterquam
1783 2484 1833 2532 in

467 2559 737 2621 geometria
764 2558 835 2619 (in
853 2574 949 2620 qua
971 2558 1073 2605 fere
1097 2558 1200 2605 sola
1214 2558 1492 2620 hujusmodi
1510 2559 1678 2621 figuris
1697 2559 1832 2607 locus
1895 2585 1898 2590 Δ

469 2636 562 2695 est)
618 2634 748 2681 circa
802 2633 920 2680 alias
965 2649 1042 2680 res
1087 2633 1511 2680 ratiocinationem
1556 2641 1739 2681 certam
1784 2642 1833 2681 et

470 2709 786 2756 scientificam
809 2708 1007 2767 nullam,
1044 2708 1130 2755 sed
1161 2708 1323 2755 omnia
1357 2709 1700 2756 controversiis
1736 2708 1831 2756 cla-
1889 2747 1891 2750 Α

468 2785 780 2846 moribusque
821 2783 965 2846 plena
1005 2799 1108 2831 esse
1149 2782 1636 2838 animadvertissent3
1686 2783 1830 2846 idque
