1936 3262
239 366 351 419 PARs
375 367 404 399 Ι.

205 1344 368 1376 Vocabula

205 1387 381 1419 inventioni

205 1431 347 1462 serviunt
361 1434 398 1461 ut

204 1479 298 1511 notae,
327 1474 381 1504 de-

205 1516 424 1548 monstrationi

206 1565 241 1590 ut
255 1560 349 1591 verba

206 1603 423 1644 significantia.

458 239 520 290 70
765 252 1113 286 COMPUTATIO
1142 254 1264 287 SIVE
1291 254 1505 288 LOGICA.

459 378 517 409 ex
559 369 696 409 motu
737 363 968 410 continuo
1011 364 1072 410 ab
1113 363 1299 427 origine
1341 366 1444 427 ejus
1485 364 1549 412 ad
1588 364 1824 428 originem
1891 344 1897 360 ὑ

462 444 623 484 motus
654 436 831 496 vitalis,
869 438 1004 499 cujus
1038 437 1234 500 quidem
1262 446 1425 486 motus
1452 438 1613 486 vitalis
1636 455 1667 487 a
1687 447 1827 488 motu

460 511 543 559 illo
584 511 872 559 adveniente
912 513 1118 560 mutatio
1161 520 1235 560 est
1270 513 1429 576 ipsum
1468 513 1648 562 lumen.
1731 514 1828 562 Sed

460 586 565 634 haec
597 587 729 634 dicta
761 587 858 634 sint
884 603 973 650 pro
1003 588 1223 651 exemplo
1256 595 1464 646 tantum,
1489 604 1605 636 nam
1639 587 1699 636 de
1720 588 1827 652 ipso

459 661 642 708 lumine
663 661 793 709 unde
808 669 858 708 et
878 662 1120 724 quomodo
1139 670 1416 725 generetur,
1437 662 1555 710 alias
1577 662 1828 726 magisque

462 751 549 783 suo
589 736 697 784 1000
731 736 991 791 dicendum
1018 744 1106 784 est.
1176 737 1369 784 Interea
1403 737 1716 785 manifestum
1754 744 1830 785 est
1867 728 1891 797 '⁷

463 810 594 872 quod
615 811 666 858 in
691 827 945 859 causarum
975 811 1353 874 investigatione
1386 812 1567 876 partim
1595 811 1828 860 methodo

461 885 705 948 analytica
735 887 915 949 partim
942 887 1218 950 synthetica
1254 903 1374 950 opus
1398 895 1486 935 est.
1554 886 1828 951 Analytica,

461 960 525 1007 ad
548 962 748 1009 effectus
781 962 1170 1009 circumstantias
1199 962 1447 1025 sigillatim
1471 961 1829 1025 concipiendas,

462 1035 737 1097 synthetica
767 1037 831 1084 ad
853 1053 910 1084 ea
944 1053 1051 1099 quae
1086 1037 1289 1099 singulae
1322 1053 1409 1100 per
1443 1053 1494 1085 se
1528 1037 1746 1085 efficiunt
1777 1037 1829 1084 in
1891 1087 1901 1091 ,,

461 1126 613 1156 unum
636 1112 985 1173 componenda.
1055 1112 1258 1160 Tradita
1282 1112 1385 1174 jam
1417 1112 1696 1160 inveniendi
1729 1127 1830 1159 1110-
1877 1106 1903 1161 ”f

462 1183 631 1243 thodo,
664 1185 923 1233 dicendum
953 1194 1108 1234 restat
1132 1187 1193 1234 de
1215 1186 1447 1234 methodo
1481 1186 1704 1245 docendi,
1737 1185 1831 1234 hoc
1872 1182 1889 1233 J

464 1266 552 1315 est,
577 1259 637 1306 de
662 1259 1091 1318 demonstratione,
1116 1268 1166 1308 et
1189 1261 1554 1308 demonstrandi
1576 1260 1764 1308 mediis.

534 1340 554 1381 l
569 1340 608 1382 1.
645 1335 703 1381 111
743 1335 975 1383 methodo
1012 1336 1307 1392 inveniendi,
1337 1351 1454 1383 usus
1483 1335 1831 1384 vocabulorum
1879 1384 1893 1390 4

464 1409 688 1456 consistit
710 1409 761 1456 in
786 1426 860 1468 eo,
883 1418 940 1457 ut
964 1410 1062 1457 sint
1086 1417 1226 1469 παίω,
1247 1411 1421 1473 quibus
1441 1426 1549 1472 quae
1568 1410 1833 1459 adinventa
1876 1401 1892 1406 ἱ

464 1491 578 1531 sunt
608 1485 827 1532 revocari
857 1484 908 1532 in
930 1485 1214 1532 memoriam
1248 1485 1467 1548 possint;
1503 1501 1618 1532 nam
1648 1484 1743 1532 nisi
1779 1485 1831 1532 id
1861 1527 1867 1542 ·.

462 1559 564 1616 fiat,
601 1558 831 1621 quicquid
866 1560 1137 1607 invenimus
1174 1560 1335 1622 perit;
1369 1575 1528 1622 neque
1549 1558 1779 1622 progredi
1802 1575 1833 1607 a

462 1633 713 1696 principiis
737 1651 835 1682 11110
851 1642 936 1682 aut
952 1635 1106 1682 altero
1126 1635 1405 1698 syllogismo
1419 1634 1612 1697 longius
1629 1640 1832 1697 propter
1886 1648 1912 1689 lg

463 1708 844 1756 imbecillitatem
880 1709 1126 1757 memoriae
1169 1709 1398 1771 possibile
1435 1715 1524 1756 est.
1610 1708 1831 1771 Exempli

463 1783 637 1845 gratia,
677 1784 716 1831 si
741 1785 847 1846 quis
872 1784 1246 1847 contemplando
1285 1783 1500 1846 positum
1522 1793 1636 1830 ante
1664 1783 1831 1830 0011108

465 1859 568 1920 ejus
591 1858 789 1921 aliquod
812 1859 1125 1922 triangulum,
1141 1858 1383 1905 inveniret
1402 1858 1534 1921 quod
1547 1857 1713 1920 anguli
1727 1859 1831 1920 ejus
1895 1857 1901 1893 ὲ

466 1948 632 1980 01111108
651 1934 792 1980 81111111
811 1933 1006 1996 sumpti,
1027 1933 1235 1995 aequales
1254 1941 1416 1980 essent
1435 1933 1623 1980 duobus
1639 1932 1831 1995 angulis

464 2008 627 2064 rectis,
650 2009 795 2071 idque
818 2025 921 2056 rem
944 2010 1099 2071 ipsam
1119 2008 1269 2055 tacite
1293 2008 1555 2071 cogitando
1575 2007 1678 2054 sine
1698 2007 1830 2055 omni
1891 2035 1901 2039 .,

464 2084 724 2130 verborum
746 2091 847 2131 tam
871 2091 1219 2146 conceptorum
1240 2099 1384 2145 quam
1402 2083 1704 2146 prolatorum
1721 2098 1828 2140 usn,
1895 2107 1907 2143 g
1934 2090 1936 2113 ³

466 2158 772 2222 contingeret
795 2160 865 2207 illi
888 2167 943 2206 ut
966 2159 1017 2206 in
1041 2158 1205 2205 oblato
1226 2158 1469 2221 triangulo
1484 2158 1654 2215 altero,
1678 2157 1829 2220 priori
1890 2155 1909 2164 ”

466 2232 700 2291 dissimili,
724 2234 800 2281 vel
825 2234 971 2281 etiam
996 2234 1046 2280 in
1066 2233 1252 2290 eodem,
1277 2233 1362 2280 sed
1385 2232 1651 2280 secundum
1681 2232 1828 2279 alium
1900 2276 1909 2290 ,

466 2308 613 2355 situm
650 2316 927 2371 conspecto,
964 2316 1129 2354 utrum
1167 2324 1223 2354 ea
1257 2307 1529 2370 proprietas
1566 2306 1748 2354 inesset
1783 2307 1828 2354 ei
1896 2306 1910 2352 T.

464 2399 633 2441 necne,
672 2383 920 2446 ignoraret
941 2400 952 2436 3
989 2390 1038 2429 et
1059 2381 1264 2444 proinde
1288 2381 1350 2428 ad
1373 2381 1563 2443 singula
1584 2381 1829 2443 triangula

464 2458 729 2521 proposita,
769 2473 876 2520 quae
899 2456 1212 2504 multitudine
1235 2456 1427 2503 infinita
1452 2463 1581 2513 sunt,
1611 2464 1827 2503 contem-

463 2534 614 2596 platio
641 2534 798 2581 denuo
822 2532 1123 2580 instituenda
1146 2538 1287 2578 esset.
1357 2531 1413 2578 Id
1438 2531 1570 2594 quod
1586 2546 1674 2594 per
1686 2547 1827 2579 voca-

462 2609 689 2656 bulorum
710 2624 851 2656 usum
893 2607 1119 2670 (quorum
1152 2606 1533 2668 unumquodque
1555 2606 1826 2654 universale

465 2684 780 2746 singularium
802 2698 965 2730 rerum
989 2688 1252 2743 conceptus
1279 2681 1480 2728 denotat
1502 2681 1821 2742 infinitarum)

463 2774 660 2806 necesse
685 2775 784 2806 non
814 2765 902 2804 est.
972 2756 1248 2803 Inserviunt
1273 2762 1436 2802 tamen
1460 2755 1745 2813 inventioni,
1769 2762 1825 2801 ut

457 2833 558 2894 jam
596 2833 710 2891 dixi,
755 2840 986 2893 tanquam
1029 2836 1152 2877 ποία]
1187 2829 1250 2877 ad
1289 2829 1586 2888 memoriam,
1630 2845 1730 2877 non
1769 2836 1825 2876 ut
1897 2825 1899 2828 ’
