1936 3262
471 268 531 309 64
788 273 1139 308 COMPUTATIO
1169 272 1292 305 SIVE
1320 272 1535 305 LOGICA.

250 394 363 425 PARS
389 394 418 426 1·
534 387 701 435 Tertio
739 387 847 435 loco
871 386 934 434 ad
958 400 1127 432 eorum
1164 383 1530 446 inquisitionem
1563 381 1846 430 devenietur

245 459 432 506 *4⁴
471 479 579 526 quae
611 463 738 510 fiunt
772 478 831 510 ex
871 468 1010 508 motu
1045 458 1275 521 partium,
1312 466 1368 505 ut
1403 458 1454 505 in
1488 473 1584 520 quo
1623 455 1847 504 consistit
1891 520 1895 529 1

230 528 405 559 Methodus

230 582 249 602 a
263 571 426 612 principiis

230 614 368 645 inventis

231 658 271 688 ad
285 657 449 689 scientiam

231 701 363 732 tendens

232 743 419 784 simpliciter

235 797 380 828 quaenam
391 787 440 819 sit.

471 538 602 601 quod
621 538 804 585 eaedem
827 552 920 593 res,
947 533 1109 581 sensui
1133 541 1296 586 tamen
1322 533 1500 580 eaedem
1526 549 1627 580 non
1649 531 1848 579 videan-

470 621 552 661 tur
588 613 674 661 sed
707 619 938 664 mutatae;
990 609 1155 671 itaque
1196 608 1554 670 investigantur
1589 607 1694 655 hoc·
1719 606 1846 665 loco,
1916 624 1917 628 ¹

472 689 730 752 qualitates
755 685 1022 742 sensibiles,
1050 683 1216 747 quales
1237 690 1366 741 sunt,
1401 682 1503 740 lum,
1541 681 1695 740 color,
1737 681 1847 729 dia-

471 763 754 828 phaneitas,
792 759 1039 824 opacitas,
1081 774 1244 816 sonus,
1285 757 1425 813 odor,
1463 773 1645 820 sapor,
1688 755 1846 815 calor,

449 837 654 902 frigus,
680 844 729 884 et
753 835 942 893 similia,
969 850 1077 897 quae
1097 833 1212 896 quia
1234 832 1337 879 sine
1371 831 1652 895 cognitione
1689 846 1847 879 causae

469 913 620 975 ipsius
645 911 882 959 sensionis
908 909 1139 972 cognosci
1161 924 1262 955 non
1276 915 1498 970 possunt,
1520 905 1846 954 consideratio

472 1003 728 1035 causarum
766 985 989 1040 visionis,
1032 983 1251 1038 auditus,
1283 981 1520 1044 offactus,
1556 987 1754 1044 gustus,
1797 988 1848 1028 et

473 1068 653 1118 taetus,
686 1060 887 1108 tertium
920 1060 1082 1106 locum
1111 1055 1368 1113 obtinebit,
1403 1055 1661 1118 qualitates
1684 1062 1848 1102 autem

472 1136 567 1183 illae
592 1134 872 1198 praedictae,
919 1132 1312 1193 mutationesque
1371 1145 1539 1177 omnes
1589 1130 1640 1177 in
1684 1129 1848 1177 locum

472 1217 699 1273 quartum
724 1208 1003 1255 differendae
1027 1213 1157 1264 sunt,
1180 1220 1287 1268 quae
1303 1204 1412 1252 duae
1433 1203 1847 1252 considerationes

473 1300 580 1331 eam
615 1291 806 1346 partem
839 1279 1161 1345 philosophiae
1203 1279 1459 1327 continent
1497 1294 1605 1341 quae
1644 1286 1848 1326 vocatur

471 1359 687 1422 physica.
758 1358 816 1405 In
839 1358 914 1404 his
939 1363 1150 1419 quatuor
1171 1354 1392 1418 partibus
1417 1353 1699 1401 continetur
1713 1353 1847 1416 quic-

473 1435 591 1498 quid
614 1435 665 1482 in
683 1433 992 1497 philosophia
1025 1430 1252 1488 naturali,
1289 1428 1705 1477 demonstratione
1734 1444 1848 1492 pro-

471 1510 576 1573 prie
601 1509 734 1558 dicta
753 1507 984 1572 explicari
1014 1514 1195 1570 potest.
1265 1505 1390 1552 Nam
1425 1504 1466 1552 si
1487 1504 1848 1567 phaenomenwn

470 1585 767 1633 naturalium
814 1582 1066 1646 speciatim
1113 1597 1259 1628 causa
1303 1579 1552 1628 reddenda
1598 1579 1676 1638 sit,
1728 1586 1849 1642 puta

474 1660 639 1722 quales
665 1659 764 1706 sint
787 1666 965 1715 motus,
992 1664 1040 1703 et
1054 1656 1261 1702 virtutes
1278 1670 1538 1717 corporum
1558 1654 1847 1712 coelestium,

472 1743 522 1783 et
562 1735 775 1798 partium
816 1734 1047 1796 ipsorum,
1087 1747 1144 1778 ea
1181 1730 1306 1777 ratio
1349 1745 1409 1777 ex
1449 1729 1593 1776 dictis
1631 1728 1848 1776 scientiae

470 1810 690 1872 partibus
730 1808 944 1872 petenda
971 1814 1061 1864 est,
1086 1814 1171 1852 aut
1203 1804 1401 1851 omnino
1438 1804 1563 1851 ratio
1602 1820 1701 1850 non
1738 1804 1847 1862 erit,

473 1885 559 1932 sed
582 1885 866 1947 conjectura
890 1883 1091 1929 incerta.

539 1960 655 2007 Post
695 1958 948 2022 physicam
988 1956 1051 2003 ad
1087 1954 1289 2002 moralia
1324 1953 1619 2001 veniendum
1661 1961 1750 2012 est,
1798 1954 1849 2001 in

472 2051 568 2099 qua
588 2035 961 2083 considerantur
984 2039 1147 2079 motus
1166 2030 1455 2087 animorum,
1479 2044 1670 2091 nempe,
1696 2045 1849 2092 appe-

471 2111 609 2169 titus,
654 2110 866 2166 aversio,
913 2124 1066 2165 amor,
1108 2104 1460 2163 benevolentia,
1504 2120 1636 2167 spe&
1677 2110 1847 2162 metus,

472 2186 570 2242 ira,
596 2185 855 2242 aemulatio,
890 2182 1097 2238 invidia,
1122 2180 1211 2241 ᾇτ’.
1238 2196 1357 2243 quas
1382 2194 1551 2227 causas
1573 2178 1774 2235 habent,
1798 2188 1849 2226 et

473 2277 678 2324 quarum
717 2276 880 2307 rerum
912 2259 1029 2322 ipsae
1072 2272 1230 2304 causae
1268 2256 1397 2310 sint;
1452 2270 1559 2317 quae
1596 2253 1707 2301 ideo
1736 2260 1850 2316 post

473 2336 726 2400 physicam
764 2332 1120 2382 consideranda
1155 2339 1285 2389 sunt,
1322 2330 1436 2393 quia
1470 2343 1640 2376 causas
1663 2327 1849 2375 habent

473 2412 524 2458 in
571 2427 716 2459 sensu
762 2418 811 2457 et
856 2408 1223 2471 imaginatione,
1263 2422 1372 2468 quae
1418 2410 1532 2451 sunt
1574 2402 1848 2465 subjectum

475 2485 901 2549 contemplationis
937 2484 1168 2546 physicae.
1239 2482 1361 2528 Haec
1399 2486 1563 2526 autem
1600 2477 1764 2525 omnia
1789 2493 1847 2524 eo

474 2561 645 2609 ordine
670 2577 814 2624 quem
838 2558 939 2607 dixi
962 2556 1301 2620 investiganda
1324 2569 1444 2612 esse,
1481 2569 1541 2600 ex
1565 2569 1622 2599 eo
1655 2558 1849 2599 constat
1903 2575 1906 2578 ⁴

474 2637 604 2698 quod
639 2635 841 2699 physica
880 2632 1088 2695 intelligi
1127 2647 1227 2678 non
1272 2636 1479 2692 possunt
1519 2627 1613 2674 nisi
1648 2626 1846 2689 cognito

474 2720 610 2758 motu
646 2711 728 2774 qui
765 2718 840 2758 est
871 2709 922 2756 in
966 2707 1187 2770 partibus
1212 2720 1472 2767 corporum
1494 2701 1846 2758 minutissimis,

473 2801 631 2847 neque
661 2786 809 2833 talem
832 2791 1020 2832 motum
1055 2781 1269 2845 partium
1290 2780 1385 2827 nisi
1413 2778 1611 2842 cognito
1635 2776 1753 2839 quid
1784 2775 1847 2822 sit

476 2861 606 2921 quod
630 2869 816 2907 motum
841 2858 988 2907 efficit
1012 2857 1062 2904 in
1087 2857 1198 2914 alio,
1225 2871 1381 2918 neque
1405 2855 1499 2902 hoc
1527 2853 1621 2901 nisi
1647 2850 1845 2914 cognito
