1910 3256
377 239 448 272 DE
476 239 639 284 SONO,
667 238 874 283 ononn,
901 237 1130 282 SAPoRE,
1157 239 1273 272 E‘rc.
1416 231 1513 274 403

123 348 331 401 materia
352 365 492 413 aeque
516 365 696 408 crassa,
728 365 903 398 sonum
925 349 1185 397 reddentia
1207 351 1512 413 aequabilem,

76 440 83 494 [j
123 423 307 476 diutius
354 425 583 474 audietur
640 441 787 473 sonus
833 426 953 489 ejuS,
1002 425 1136 489 quod
1179 425 1232 473 in
1277 428 1513 490 majorem

91 499 408 551 *extenditur
452 500 827 564 longitudinem.
926 501 1095 548 Motus
1141 501 1286 559 enim,
1334 502 1416 564 qui
1462 503 1514 550 in

67 580 84 637 ’Ῐ
122 583 334 640 utroque
367 576 540 640 incipit
574 592 604 623 a
636 583 822 639 puncto
858 576 1201 639 percussionis,
1236 592 1324 639 per
1358 579 1514 641 majus

71 651 82 658 ’
122 651 337 716 spatium
358 652 411 700 in
429 652 614 715 majore
644 667 850 714 corpore
868 650 1214 715 propagandus
1238 659 1328 710 est,
1355 660 1404 699 et
1426 670 1515 716 per

78 759 83 776 f
122 742 445 792 consequens,
468 727 519 775 in
542 728 728 791 majore
752 735 989 790 tempore.
1058 728 1231 791 Itaque
1254 727 1307 775 in
1329 729 1514 791 majore

121 810 344 867 tempore
389 811 555 866 partes
600 809 749 850 motae
806 818 975 850 rursus
1021 802 1244 850 redeunt.
1350 804 1514 852 Quare

71 891 78 930 4
114 879 300 934 itiones
338 886 406 929 et.
422 878 692 928 reditiones
733 878 940 942 singulae
977 879 1029 926 in
1067 879 1254 942 majore
1295 886 1515 942 tempore

121 955 460 1012 {bsolvunmn
495 961 546 1003 et
581 954 756 1002 delatae
796 954 862 1002 ad
898 970 1040 1002 aures
1082 970 1259 1002 sonum
1299 955 1516 1003 efficiunt

122 1030 498 1086 diuturniorem.
556 1030 880 1079 Manifestum
903 1040 1070 1078 autem
1092 1030 1209 1079 hinc
1233 1038 1325 1090 est,
1352 1046 1516 1094 aequa-

1 1108 2 1111 ’
70 1171 73 1173 Α
120 1107 290 1162 hilii-‚er
308 1107 604 1165 sonantium,
629 1106 815 1155 diutius
851 1122 1041 1163 sonare,
1076 1107 1266 1154 caeteris
1300 1107 1515 1170 paribus,

62 1179 65 1188 ”
122 1198 332 1247 eorpora
353 1183 478 1233 dura
503 1182 557 1232 in
591 1183 762 1231 orbem
797 1199 1069 1231 concavum
1104 1184 1332 1240 conflata,
1368 1200 1515 1247 quam

60 1278 63 1283 ’
122 1257 177 1314 in
210 1258 428 1323 planum.
497 1258 628 1307 Nam
667 1258 720 1306 in
759 1258 900 1306 lineis
942 1259 1276 1318 circularibus,
1320 1259 1450 1307 actio
1487 1276 1517 1307 a

61 1381 67 1387 „
123 1334 345 1399 quolibet
371 1342 559 1398 puncto
590 1334 831 1397 incipiens
866 1334 1055 1382 nullum
1089 1335 1240 1382 habet
1274 1351 1516 1398 propaga-

91 1414 93 1417 ’
122 1410 273 1461 tionis
303 1411 455 1459 finem
488 1426 518 1458 a
544 1410 706 1473 figura
740 1410 1087 1473 praestitutum,
1128 1411 1243 1473 quia
1282 1411 1427 1470 linea,
1465 1412 1516 1459 in

60 1479 72 1494 ⁸
125 1501 224 1550 qua
244 1493 563 1550 propagatur,
587 1485 717 1533 redit
748 1501 917 1533 rursus
942 1485 1006 1533 ad
1030 1486 1343 1550 principium,
1368 1487 1438 1534 ita
1460 1495 1517 1535 ut

123 1578 213 1627 per
233 1563 445 1627 figuram
473 1578 576 1610 non
605 1569 718 1621 stet,
756 1562 876 1625 quin
912 1570 1076 1610 motus
1112 1563 1393 1626 progressio
1430 1564 1518 1610 fiat

54 1667 56 1671 ν
122 1639 335 1688 infinita.
402 1639 471 1687 At
493 1638 546 1686 in
566 1638 731 1702 plano,
758 1638 992 1702 progredi
1025 1638 1154 1686 actio
1190 1638 1383 1702 longius
1417 1654 1518 1686 non

123 1721 304 1780 potest,
345 1730 494 1779 quam
539 1722 614 1763 est
650 1714 794 1762 lineae
839 1721 990 1762 rectae
1035 1714 1177 1761 finita
1213 1714 1517 1776 magnitudo.

107 1791 381 1844 *Existente
423 1803 542 1854 ergo
582 1790 802 1854 eorporis
838 1789 1057 1853 percussi
1092 1789 1263 1837 eadem
1298 1789 1518 1847 materia,

4 1883 7 1894 ·
58 1859 61 1882 ⁷
125 1874 292 1919 motus
326 1866 541 1931 partium
583 1866 716 1915 orbis
755 1866 863 1915 cavi
904 1865 1184 1914 diuturnior
1224 1866 1335 1924 erit,
1374 1882 1520 1928 quam

62 1983 64 1987 ,
125 1943 343 2007 partium
363 1942 514 2006 plani.

195 2019 339 2078 Item,
396 2018 438 2067 si
495 2017 682 2066 chorda
736 2025 879 2065 tensa
924 2017 986 2065 ab
1042 2024 1253 2080 utroque
1309 2016 1518 2063 termino

59 2091 61 2094 ’
127 2094 325 2159 corpori
346 2110 469 2143 cavo
494 2094 639 2142 affixa
662 2093 728 2142 sit
751 2101 802 2142 et
823 2109 1072 2157 percussa,
1117 2093 1300 2141 diutius
1325 2092 1519 2140 sonabit

4 2175 7 2202 ⁵
59 2164 62 2169 ’
128 2184 277 2236 quam
314 2186 418 2221 non
463 2170 622 2221 affixa.
711 2170 979 2233 Propterea
1023 2169 1158 2233 quod
1194 2176 1379 2216 tremor
1419 2168 1518 2215 sive

3 2237 9 2310 ξ
55 2243 57 2247 ’
126 2246 452 2311 reciprocatio
485 2246 570 2294 illa
591 2262 836 2310 percussae
873 2246 1088 2304 chordae,
1122 2245 1367 2293 mediante
1403 2259 1519 2291 con—

5 2370 9 2389 }
44 2316 46 2320 ’
126 2323 370 2382 nexione,
394 2322 545 2370 etiam
583 2322 676 2385 ipsi
718 2338 839 2370 cavo
878 2322 1075 2385 corpori
1112 2320 1517 2369 communicatur.
1567 2374 1569 2377 ¹

3 2402 8 2454 ἓ
50 2419 52 2422 ’
129 2399 368 2451 Isautem
389 2406 576 2447 tremor
598 2398 796 2461 corpori
818 2414 940 2446 cavo
966 2405 1015 2445 et
1037 2413 1216 2460 magno
1241 2396 1518 2458 impressus,

3 2461 8 2541 ζ
50 2470 53 2474 ”
129 2474 314 2527 diutius
337 2474 536 2524 durabit
557 2480 760 2537 propter
782 2473 1204 2537 magnitudinem3
1243 2487 1408 2534 quare,
1431 2486 1520 2534 per

51 2566 53 2570 ·
127 2550 279 2601 modo
299 2557 517 2609 ostensa,
543 2549 729 2598 diutius
754 2549 964 2598 sonabit.

1563 356 1680 388 PARS
1705 356 1764 388 IV.

1641 400 1694 431 29.

1582 447 1746 469 5-5—-2

129 2666 138 2670 -
194 2632 247 2676 9.
283 2625 542 2690 Contingit
581 2632 747 2674 autem
780 2625 833 2673 in
872 2624 1060 2682 auditu,
1098 2623 1241 2671 aliter
1281 2638 1429 2685 quam
1469 2621 1520 2668 in
1540 2640 1710 2691 Quom-(10
1757 2683 1764 2690 ·

130 2702 255 2762 visu,
301 2709 361 2751 ut
405 2701 536 2751 actio
583 2701 734 2749 medii
779 2717 810 2748 a
855 2706 1003 2748 vento
1061 2697 1275 2746 secundo
1325 2697 1521 2760 quidem
1539 2694 1768 2769 ξῗῖζρξέἰᾞ

133 2870 236 2907 non
272 2853 469 2903 videtur
504 2851 701 2901 aliunde
742 2867 847 2900 esse
883 2866 1042 2914 posse,
1085 2865 1232 2912 quam
1263 2864 1294 2895 a
1328 2848 1435 2896 soni
1471 2856 1522 2896 et

1245 2938 1278 2970 D
1298 2938 1330 2970 D
1358 2930 1386 2971 2

7 2781 13 2795 ⁷
46 2763 59 2843 ’
131 2777 412 2835 fortionab
435 2777 642 2826 adverso
676 2776 884 2824 debilior
912 2776 1016 2823 fiat.
1086 2774 1236 2837 Cujus
1270 2773 1341 2820 rei
1376 2788 1523 2820 causa
1539 2777 1634 2803 ωηο
1650 2775 1763 2812 Ροῑθεῐκ
