1936 3262
247 393 362 425 PARS
379 393 408 426 Ι.

315 438 344 467 3.

222 523 304 556 Quae
325 524 366 554 ad
390 534 460 555 ean-

219 567 292 597 dem
314 568 464 608 categori-

219 620 289 640 cam
311 610 419 641 reduci

219 658 352 694 possunt
366 654 463 694 aequi-

219 696 375 736 pollentes
383 707 461 728 esse.

222 848 425 881 Universales

221 902 387 923 conversas

220 945 276 976 per
289 937 419 966 nomina

220 979 461 1009 contradictoria

222 1022 461 1063 aequipollentes

222 1076 301 1096 esse.

477 256 538 299 36
789 267 1138 302 cOMPUTATlo
1167 268 1290 302 SIVE
1317 268 1531 302 LOGICA.

550 381 623 423 13.
647 376 901 445 ‘'Secundo,
939 379 1216 442 categorica
1250 380 1525 428 necessaria
1558 395 1658 428 suae
1693 379 1847 443 hypo-

479 451 675 500 theticae
710 453 1031 518 aequipollens
1055 462 1161 509 est3
1198 455 1363 518 quales
1401 462 1515 502 sunt
1554 455 1845 518 categorica,
1901 467 1905 473 ⁴

480 527 787 591 triangulum
803 528 1111 576 rectilineum
1125 530 1272 577 babet
1289 537 1392 577 tres
1408 529 1621 594 angulos
1630 530 1847 594 oequales

480 601 666 649 duobus
690 603 845 650 rectis·
861 622 878 657 ;
915 611 965 651 et
987 604 1318 667 hypothetica,
1336 605 1383 652 si
1401 604 1526 668 quid
1542 603 1848 669 triangulum

479 677 563 735 sit,
612 677 743 724 illud
784 684 888 725 tres
933 678 1080 725 habet
1126 679 1339 744 angulos
1395 678 1610 743 oequales
1662 678 1849 727 duobus

479 752 649 800 rectis.

550 834 624 875 14.
660 828 826 875 Tertio
873 828 982 876 duae
1024 828 1252 892 quaelibet
1286 828 1600 887 universales,
1643 844 1850 892 quarum

477 903 621 950 unius
655 903 852 950 termini
885 904 957 965 (id
993 912 1068 950 est
1104 904 1377 966 subjectum
1418 911 1468 951 et
1502 903 1844 967 praedicatum)

478 986 592 1025 sunt
649 978 849 1025 alterius
907 978 1128 1026 terminis
1186 979 1557 1027 contradictorii
1605 986 1657 1027 et
1700 979 1850 1042 positi

479 1053 649 1100 ordine
674 1069 938 1109 eonverso;
974 1062 1030 1101 111
1065 1054 1157 1112 hae,
1194 1054 1348 1101 omnis
1381 1054 1519 1101 homo
1547 1060 1624 1101 est
1646 1053 1849 1112 animal,

415 1178 419 1182 .
479 1134 530 1174 et
553 1144 687 1174 omne
711 1145 805 1175 non
830 1129 1017 1176 animal
1040 1135 1116 1175 est
1144 1145 1239 1175 non
1263 1128 1399 1175 homo
1415 1147 1434 1183 ;
1471 1128 1702 1191 quoniam
1720 1128 1851 1176 enim

224 2179 399 2220 Negativas

224 2223 350 2253 easdem
366 2233 446 2261 esse,

222 2266 288 2296 sive
303 2266 428 2306 negatio

222 2314 295 2339 ante
311 2309 376 2339 sive

225 2357 296 2392 post
307 2352 453 2392 copulam

223 2401 368 2435 ponatur.

246 2860 453 2892 Particulares

243 2904 430 2945 simpliciter

477 1219 594 1250 vera
630 1210 704 1250 est
737 1203 891 1250 omnis
928 1204 1066 1251 homo
1107 1210 1182 1250 est
1223 1203 1412 1250 animal
1444 1219 1624 1251 nomen
1664 1203 1854 1251 animal

480 1278 700 1326 continet
723 1294 902 1326 nomen
925 1279 1079 1338 homo,
1100 1286 1175 1326 est
1198 1286 1361 1326 autem
1384 1285 1647 1342 utrumque
1669 1295 1851 1327 nomen

477 1353 756 1416 positivum,
793 1354 960 1417 itaque
991 1371 1080 1417 per
1116 1354 1375 1402 articulum
1407 1354 1635 1401 ultimum
1667 1370 1852 1417 praece-

482 1428 643 1476 dentis
700 1445 881 1476 nomen
937 1430 1220 1493 negativum
1276 1447 1370 1477 non
1427 1429 1564 1476 homo
1630 1429 1852 1477 continet

479 1519 658 1551 nomen
681 1504 963 1566 negativum
987 1521 1083 1551 non
1117 1504 1318 1563 animal,
1342 1521 1458 1552 vera
1481 1521 1597 1568 ergo
1622 1512 1697 1552 est
1716 1521 1852 1552 omne

481 1595 575 1625 non
610 1578 798 1625 animal
829 1585 906 1625 est
940 1595 1033 1625 non
1068 1579 1239 1633 homo;
1278 1580 1353 1627 vel
1382 1580 1474 1638 hae,
1513 1578 1677 1626 nullus
1713 1579 1851 1626 homo

480 1659 556 1700 est
579 1653 746 1709 arbor,
784 1653 922 1701 nulla
947 1653 1099 1700 arbor
1122 1661 1198 1700 est
1225 1654 1377 1702 homo.
1447 1655 1575 1702 Nam
1610 1655 1651 1702 si
1682 1670 1852 1702 verum

481 1729 544 1776 sit
567 1728 720 1775 arbor
743 1745 843 1776 non
868 1744 972 1776 esse
996 1745 1176 1776 nomen
1206 1730 1351 1777 ullius
1375 1730 1602 1788 hominiS‚
1635 1730 1757 1777 nulli
1779 1729 1852 1777 rei

481 1803 738 1851 conveniet
781 1811 1045 1867 utrumque
1085 1820 1264 1852 nomen
1306 1805 1443 1852 homo
1482 1811 1532 1852 et
1567 1803 1736 1862 arbor,
1777 1812 1852 1852 est

481 1895 601 1942 ergo
628 1895 745 1926 vera
775 1878 914 1925 nulla
946 1878 1100 1926 arbor
1137 1886 1214 1926 est
1250 1880 1400 1927 lzomo.
1471 1880 1597 1927 Item
1629 1879 1852 1942 proposi-

479 1954 603 2002 tioni
628 1955 764 2017 cujus
787 1962 994 2017 uterque
1014 1954 1250 2002 terminus
1275 1962 1349 2002 est
1366 1954 1639 2018 negativus,
1658 1961 1716 2001 ut
1737 1954 1852 2002 huic

481 2046 614 2076 omne
638 2046 732 2076 non
771 2029 959 2076 animal
991 2036 1068 2076 est
1102 2046 1198 2076 non
1233 2029 1386 2089 lzomo,
1433 2029 1713 2093 aequipollet
1746 2029 1853 2077 haec

480 2104 634 2151 solum
659 2104 846 2151 animal
867 2111 944 2151 est
967 2105 1122 2153 homo.

551 2186 625 2228 15.
664 2180 869 2238 Quarto,
899 2179 1279 2243 propositiones
1307 2179 1567 2244 negativae,
1605 2179 1706 2228 sive
1741 2195 1853 2242 par-

480 2255 631 2302 ticula
652 2255 928 2318 negationis
950 2263 1164 2318 ponatur
1186 2262 1298 2318 post
1323 2255 1561 2318 copulam,
1589 2262 1646 2302 ut
1665 2254 1854 2302 faciunt

480 2338 652 2394 gentes
675 2330 938 2389 nonnullae,
959 2331 1059 2377 sive
1083 2338 1198 2378 ante
1221 2340 1277 2377 ut
1301 2331 1358 2377 fit
1381 2329 1567 2376 Latine
1590 2336 1640 2376 et
1661 2329 1851 2389 Groeee,

482 2406 523 2453 si
545 2405 741 2453 termini
763 2405 912 2452 iidem
943 2405 1055 2463 sint,
1090 2405 1418 2468 aequipollent.
1486 2404 1709 2467 Exempli
1741 2420 1853 2467 gra-

480 2481 565 2539 tia,
590 2481 724 2527 Izomo
749 2497 843 2526 non
879 2486 956 2526 est
987 2479 1156 2537 arbor,
1201 2487 1250 2527 et
1285 2479 1420 2526 homo
1454 2486 1531 2526 est
1563 2496 1657 2526 non
1697 2478 1853 2526 arbor

482 2555 810 2619 aequipollent,
854 2571 1147 2617 quamquam
1192 2555 1286 2602 hoc
1323 2562 1472 2617 neget
1511 2553 1817 2601 Aristoteles
1831 2572 1851 2608 ‚-

480 2633 599 2678 item
633 2630 726 2688 hae,
762 2629 913 2675 omnis
950 2628 1086 2675 homo
1129 2635 1206 2675 est
1244 2646 1338 2676 non
1381 2628 1553 2687 arbor,
1596 2635 1647 2675 et
1687 2627 1851 2675 nullu-s·

481 2706 617 2752 homo
641 2712 718 2751 est
741 2703 894 2751 arbor
920 2703 1267 2766 aequipollent;
1303 2704 1451 2767 idque
1484 2704 1555 2751 ita
1589 2712 1758 2766 aperte
1794 2710 1852 2750 ut

481 2797 581 2828 non
605 2787 747 2843 egeat
770 2778 1198 2826 demonstratione.

555 2861 628 2902 16.
681 2855 948 2912 Postremo,
1005 2853 1324 2916 particulares
1373 2869 1556 2912 omnes,
1605 2853 1851 2901 conversis

484 2930 705 2977 terminis
749 2929 1078 2992 aequipollent,
1119 2936 1175 2976 ut
1215 2928 1306 2988 hae,
1348 2928 1550 2992 quidam
1590 2927 1725 2975 homo
1775 2933 1852 2974 est
