1936 3262
391 237 464 271 DE
491 236 741 271 CORPORE
769 237 835 270 ET
859 235 1187 270 AccmEN'rE.
1418 225 1481 268 99

117 346 299 418 futur,
340 349 552 413 spatium
593 356 759 396 autem
801 347 932 411 quod
971 346 1150 395 transit
1196 345 1473 410 longitudO,
1526 350 1640 383 PARS
1657 351 1703 383 11·

132 437 197 465 ἰι
225 439 357 489 uque
402 440 580 489 corpus
616 431 856 489 punctum
896 423 1199 487 appellatum
1238 438 1295 469 eo
1335 438 1480 470 sensu
1526 442 1700 466 κ-Ὑ-κ

138 497 190 557 fu·
205 506 356 558 *terra
367 506 623 566 punctum,
648 507 699 557 et
721 499 801 548 via
828 501 932 564 ejus
963 514 1127 547 annua
1147 497 1279 545 linea
1302 497 1482 561 ecclip-

219 575 388 626 vocari
410 575 552 624 solet.
623 574 771 624 Quod
795 574 836 623 si
866 590 1060 638 corpus,
1085 572 1219 637 quod
1241 581 1483 632 movetur,

128 643 438 712 deretur
455 652 559 716 jam
584 659 639 700 ut
663 650 877 716 longum,
901 658 1050 715 atque
1073 650 1144 698 ita
1159 649 1346 698 moveri
1368 665 1483 713 sup-

126 735 329 787 litm·
369 735 428 776 ut
467 727 673 791 singulae
719 727 823 790 ejus
864 734 1030 790 partes
1068 725 1284 789 singulas
1328 725 1483 773 lineas

56 826 66 837 ι
117 819 137 860 j
177 831 182 846 ι
207 819 342 866 fcere
382 803 736 867 intelligantur,
787 803 868 851 via
908 802 1291 865 uniuscujusque
1327 800 1482 864 partis

111 881 197 945 ’ζ’-ια
247 879 469 944 corporis
514 878 748 938 latitudo,
795 878 1007 942 spatium
1048 877 1181 941 quod
1221 877 1481 925 conficitur

177 977 213 991 „
267 955 391 1013 cies
432 962 652 1012 vocatur,
693 963 926 1004 constans
968 970 1028 1002 ex
1065 953 1249 1017 duplici
1291 953 1479 1001 dimen-

39 1023 41 1028 ’
66 1077 70 1080 ,
99 1025 130 1086 ’,”-
154 1054 162 1074 ι
187 1046 236 1080 ιθ
259 1029 527 1079 latitudine
545 1037 595 1078 et
615 1030 942 1096 longitudine,
965 1046 1172 1094 quarum
1194 1029 1350 1078 altera
1375 1037 1482 1078 tota

183 1105 385 1166 alterius
407 1113 573 1170 partes
591 1107 807 1170 singulas
832 1107 896 1155 sit
920 1106 1179 1170 applicata.

95 1179 147 1234 ”«,
165 1182 353 1233 Rursus
388 1181 430 1230 si
471 1198 650 1246 corpus
691 1182 1030 1231 consideretur
1069 1190 1127 1230 ut
1160 1182 1346 1230 habens
1379 1182 1482 1244 jam

27 1263 29 1265 ’
98 1274 102 1283 ²
155 1282 182 1307 ιι
207 1258 426 1323 ‘'fic-iem,
449 1265 501 1306 et
528 1258 600 1306 ita
625 1258 931 1322 intelligatur
965 1257 1168 1317 moveri,
1187 1265 1245 1305 ut
1280 1257 1483 1320 singulae

17 1394 23 1399 ι
92 1343 196 1389 ’ᾖ;ι;
231 1341 398 1400 partes
426 1333 642 1398 singulas
677 1334 942 1382 conficiant
963 1333 1133 1393 lineas,
1173 1333 1482 1396 uniuscujus-

83 1406 153 1470 ἰρίι
166 1427 195 1461 e
214 1410 370 1476 partis
386 1409 467 1458 via
489 1410 709 1474 corporis
728 1410 857 1458 illius
878 1409 1142 1457 crassitie-s·
1165 1425 1251 1457 seu
1264 1408 1482 1473 profun-

31 1502 34 1504 ·
176 1503 252 1546 as,
294 1485 508 1550 spatium
545 1485 678 1549 quod
712 1485 972 1534 conficitur
1012 1484 1224 1533 solidum
1258 1492 1480 1544 vocatur,

17 1555 29 1573 ²
100 1556 180 1630 ’,ιι
207 1568 214 1605 ἰ
237 1569 366 1612 :tum
380 1578 440 1610 ex
455 1561 840 1610 dimensionibus
855 1561 1028 1621 tribus,
1038 1577 1245 1625 quarum
1253 1561 1483 1624 quaelibet

231 1645 351 1688 totae
374 1637 684 1702 applicantur
708 1637 772 1686 ad
795 1637 1012 1701 singulas
1033 1643 1199 1701 partes
1223 1636 1397 1684 tertiae.

20 1726 30 1754 ῖ
166 1714 314 1766 Quod
342 1714 385 1764 si
413 1714 574 1763 adhuc
607 1729 785 1778 corpus
817 1713 1018 1777 aliquod
1053 1712 1392 1761 consideretur
1425 1720 1482 1760 ut

95 1789 322 1860 Jsmdum,
361 1790 470 1839 fieri
503 1807 604 1839 non
637 1797 804 1854 potest
839 1797 896 1838 ut
931 1789 1136 1854 singulae
1171 1790 1274 1853 ejus
1315 1796 1481 1852 partes

15 1882 31 1933 ε’,
98 1874 124 1918 ’ῗ
140 1890 161 1911 ιι
222 1889 229 1911 ι
270 1888 307 1911 ι·
345 1867 627 1916 describant
663 1866 832 1915 lineas.
903 1866 1033 1914 Nam
1063 1881 1354 1929 quacunque
1377 1882 1482 1913 mo-

14 1947 20 1994 ἷῖ
91 1942 306 2019 “bitum
361 1943 518 2008 partis
568 1942 856 2007 posterioris
901 1942 983 1990 via
1026 1941 1213 1990 incidet
1258 1941 1311 1989 in
1352 1941 1482 1989 viam

15 2032 55 2089 ³:³-
80 2013 152 2084 ,ξ’-ἰι
161 2019 373 2080 terioris,
417 2019 702 2083 factumque
747 2018 843 2066 erit
895 2018 1106 2066 solidum
1160 2018 1307 2075 idem,
1350 2017 1483 2081 quod

16 2090 42 2161 ss
66 2103 67 2106 ’
158 2094 292 2145 &sset
331 2111 421 2160 per
456 2110 508 2144 se
550 2095 832 2159 superficies
868 2094 1101 2142 anterior.
1171 2094 1284 2142 Alia
1315 2094 1482 2158 itaque

34 2164 47 2202 “ἷ’
86 2167 334 2221 ''w-uelnso
359 2171 579 2236 corporis
612 2171 811 2236 quidem
837 2179 895 2218 ut
927 2186 1121 2234 corpus,
1154 2177 1337 2233 praeter
1357 2185 1482 2232 prae-

83 2247 152 2307 ᾖξ,
179 2255 255 2297 tas
277 2255 396 2308 tres,
420 2248 557 2297 nulla
584 2263 691 2295 esse
709 2254 904 2311 potest;
941 2246 1035 2294 etsi
1057 2254 1115 2294 ut
1138 2253 1252 2309 post
1275 2245 1483 2301 dicetur,

85 2318 119 2391 ᾗ4
141 2324 346 2384 -·ocitas,
381 2341 492 2388 quae
515 2333 592 2372 est
614 2332 777 2372 motus
799 2339 888 2387 per
918 2322 1295 2386 longitudinem,
1329 2321 1483 2385 appli-

17 2410 44 2450 ‘1
156 2405 238 2449 tus
259 2399 324 2448 ad
345 2399 490 2449 solidi
514 2415 684 2448 omnes
716 2406 900 2462 partes,
934 2398 1084 2446 faciat
1107 2405 1270 2446 motus
1294 2397 1483 2460 magni-

167 2474 202 2517 ι’
219 2491 320 2524 aem
364 2492 426 2524 ex
470 2482 682 2539 quatuor
725 2482 1036 2523 constantem
1080 2473 1482 2532 dimensionibus,

82 2558 141 2618 ’,ᾗῇ
153 2572 188 2593 ιι
201 2558 227 2600 t
246 2558 299 2600 et
314 2551 512 2600 bonitas
530 2551 638 2600 auri
657 2551 709 2599 in
733 2550 938 2614 singulis
957 2550 1180 2614 partibus
1201 2557 1486 2613 computata.

41 2629 49 2690 fv
86 2638 101 2691 J}
155 2626 217 2682 v‘t
236 2627 452 2692 pretium
479 2628 601 2691 ejus,

169 2708 244 2753 13.
282 2702 511 2769 Corpora
554 2703 685 2750 inter
730 2719 786 2751 se
830 2702 1050 2767 oequalia
1088 2717 1196 2749 esse
1237 2701 1765 2796 dimutur’ssffi‘ssgssofibus

252 2778 456 2828 eundem
498 2778 656 2826 locum
690 2778 963 2843 possidere
998 2784 1228 2843 possunt.
1317 2777 1538 2829 Potestet
1566 2799 1763 2840 magnitudi-

33 2855 262 2922 &butem
307 2870 485 2919 corpus
524 2853 726 2918 aliquod
766 2854 930 2902 locum
977 2869 1236 2918 occupare,
1259 2854 1484 2914 eundem,
1501 2842 1762 2926 ξιξζῗεῗέξξζῗ

20 2924 97 2954 ξῖ(
1194 2945 1230 2978 Η
1256 2936 1286 2979 2
