1910 3256
242 321 358 355 PARS
382 325 441 358 IV.

307 368 362 399 26.

492 204 587 246 336
1052 219 1305 253 PHYsmA.

488 325 775 387 ascenderit,
800 344 900 377 non
933 337 1098 377 tamen
1121 331 1173 378 in
1203 339 1441 379 aeternum
1477 333 1742 395 procedere
1774 351 1870 399 po-›
1906 387 1907 390 ,

246 412 434 436 »γά
489 400 621 459 terit,
662 403 747 450 sed
784 404 1078 468 defatigatus
1118 405 1378 469 aliquando
1418 406 1626 466 deficiet,
1668 416 1719 457 et
1758 411 1863 474 qui-
1905 462 1907 467 ,

237 455 429 498 Magnitudo

237 505 270 529 et
284 501 407 532 duratio

239 543 376 575 universi

239 584 470 621 inscrutabiles.

490 474 599 523 dem
624 493 687 525 an
716 478 919 527 ulterius
942 480 1172 543 progredi
1193 481 1424 544 potuerit,
1459 498 1628 542 necne,
1655 485 1861 534 nescius.

490 550 662 614 Neque
686 554 883 601 absurdi
907 561 1135 618 sequetur
1151 556 1425 619 quicquam,
1451 557 1550 605 sive
1574 558 1740 607 finitus
1757 560 1862 609 >sive
1904 606 1910 623 ff

487 624 705 676 infinitus
736 630 947 677 mundus
983 637 1252 686 statuatur;
1290 647 1400 679 cum
1433 633 1674 680 utrumvis
1709 641 1862 683 statu·
1899 626 1909 696 s

486 701 603 750 isset
646 704 816 751 mundi
862 704 1040 767 opifex,
1092 721 1199 767 quae
1243 721 1375 753 nunc
1420 706 1649 754 videntur
1693 709 1862 759 eadem

487 778 651 826 omnia
693 779 849 827 videri
892 781 1182 843 potuissent.
1259 781 1500 829 Praeterea
1545 782 1635 830 etsi
1680 799 1740 831 ex
1785 800 1861 844 eo,

488 853 619 915 quod
640 854 761 901 nihil
783 862 946 917 potest
981 871 1177 902 movere
1213 855 1438 918 seipsum,
1473 857 1588 904 satis
1622 864 1754 906 recte
1787 859 1863 913 inq

485 928 640 976 fertur
676 930 888 992 primum
926 930 1125 993 aliquod
1161 947 1262 978 esse
1304 947 1503 979 movens
1544 933 1676 996 quod
1714 934 1863 983 fuerit

486 1011 738 1063 aeternum,
784 1021 884 1052 non
931 1013 1096 1053 tamen
1136 1006 1372 1053 inferetur
1407 1006 1473 1064 id,
1516 1007 1647 1070 quod
1681 1008 1862 1058 inferre

486 1080 659 1138 solent,
684 1096 859 1143 nempe
879 1088 1116 1128 aeternum
1139 1081 1401 1140 immobile,
1422 1081 1507 1128 sed
1525 1090 1697 1131 contra
1719 1092 1862 1132 aeter—

484 1171 603 1202 num
625 1162 811 1202 motum
832 1176 843 1211 ;
881 1156 1133 1219 siquidem,
1157 1163 1213 1203 ut
1234 1173 1403 1204 verum
1427 1164 1501 1204 est
1533 1157 1656 1206 nihil
1677 1161 1861 1208 moveri
1909 1151 1910 1154 Ἴ

484 1246 515 1277 a
538 1230 710 1293 seipso,
743 1231 811 1278 ita
836 1231 983 1278 etiam
1009 1247 1177 1279 verum
1206 1238 1296 1290 est,
1331 1232 1453 1279 nihil
1486 1233 1671 1281 moveri
1705 1234 1798 1282 nisi
1831 1251 1861 1284 a

483 1312 632 1353 moto.
703 1305 1007 1354 Quaestiones
1031 1322 1147 1369 ergo
1171 1306 1231 1354 de
1251 1307 1587 1369 magnitudine
1605 1316 1655 1356 et
1673 1309 1861 1373 origine
1908 1368 1910 1370 ῃ

483 1381 668 1440 mundi,
692 1397 792 1428 non
809 1398 839 1428 a
860 1382 1173 1445 philosophis,
1190 1382 1276 1430 sed
1298 1383 1359 1430 ab
1384 1383 1458 1441 iis,
1479 1383 1564 1446 qui
1587 1384 1859 1434 ordinando
1884 1389 1894 1396 ”’

482 1456 575 1504 Dei
614 1456 751 1504 cultu
791 1457 1006 1519 legitime
1042 1466 1275 1521 praesunt,
1313 1458 1693 1507 determinandae
1727 1468 1857 1510 sunt.

482 1532 611 1579 Nam
624 1539 680 1579 ut
693 1532 824 1579 Deus
837 1531 1062 1596 Optimus
1071 1533 1340 1591 Maximus,
1350 1550 1461 1581 cum
1471 1534 1704 1597 populum
1718 1551 1858 1584 suum

480 1607 532 1654 in
554 1607 583 1654 J
585 1607 776 1655 udaeam
799 1607 1084 1666 induxisset,
1108 1608 1346 1670 primitias
1377 1608 1624 1656 fructuum
1658 1610 1748 1658 sibi
1781 1626 1858 1658 re-

481 1690 695 1730 servatas
730 1682 968 1730 concessit
1004 1683 1352 1742 sacerdotibus,
1394 1683 1465 1731 ita
1501 1700 1707 1748 quoque,
1745 1702 1857 1734 cum

481 1758 718 1805 mundum
757 1774 786 1805 a
827 1773 877 1804 se
922 1757 1108 1805 factum
1155 1758 1559 1821 disputationibus
1604 1760 1866 1809 hominum=

481 1834 776 1891 tradidisset,
814 1833 1064 1895 opiniones
1099 1840 1263 1880 tamen
1299 1834 1359 1881 de
1393 1842 1569 1882 natura
1602 1835 1778 1884 infiniti
1807 1843 1856 1884 et

481 1909 650 1958 aeterni
675 1909 767 1955 sibi
790 1908 878 1955 soli
898 1908 1093 1970 cognita
1109 1916 1342 1971 tanquam
1354 1909 1591 1971 primitias
1606 1911 1864 1973 sapientiae.

475 1984 685 2048 judicari
722 1984 782 2030 ab
820 1983 877 2030 iis
912 1983 1082 2041 voluit,
1110 1999 1333 2046 -quorum
1366 1983 1418 2030 in
1454 1983 1687 2047 religione
1724 1986 1854 2055 ordi-

479 2059 643 2108 nanda
665 2058 933 2106 ministerio
951 2058 1025 2105 uti
1041 2057 1207 2105 voluit.
1278 2057 1391 2104 Illos
1405 2058 1571 2121 igitur,
1588 2060 1672 2122 qui
1685 2061 1853 2109 mundi

480 2135 718 2198 originem
763 2134 974 2196 aliquam
1017 2133 1163 2180 fuisse
1208 2132 1476 2180 rationibus
1512 2134 1610 2182 suis
1646 2151 1676 2182 a
1710 2136 1853 2185 rebus

477 2210 778 2259 naturalibus
805 2209 1162 2255 demonstrasse
1194 2224 1244 2255 se
1262 2208 1729 2270 jactitant,.laudare
1751 2227 1852 2259 non

476 2302 686 2349 possum.
755 2284 832 2332 Ab
856 2284 1034 2342 idiotis,
1061 2283 1173 2346 quia
1204 2283 1322 2346 quid
1353 2283 1519 2331 dicant
1552 2300 1651 2332 non
1678 2285 1851 2334 intelli-

475 2370 628 2425 gunt;
665 2362 725 2408 ab
750 2360 966 2418 eruditis,
992 2360 1106 2422 quia
1129 2359 1421 2421 intelligunt,
1446 2360 1506 2407 ab
1538 2360 1721 2408 utrovis
1750 2378 1850 2410 me·
1887 2367 1901 2425 j·

475 2438 572 2485 rito
596 2443 991 2484 contemnuntur.
1063 2434 1185 2482 Quis
1217 2434 1347 2481 enim
1369 2435 1463 2482 hoc
1481 2435 1627 2483 modo
1652 2436 1849 2487 demon-

477 2519 713 2561 strantem
726 2510 925 2558 laudet?
996 2510 1048 2557 Si
1066 2510 1277 2557 mundus
1301 2511 1362 2557 ab
1386 2518 1571 2559 aeterno
1589 2519 1710 2570 erat,
1730 2520 1848 2561 tunc

474 2604 703 2636 numerus
728 2587 911 2634 dierum
935 2586 1034 2633 sive
1057 2585 1178 2632 alius
1198 2585 1408 2648 cujusvis
1427 2593 1700 2648 temporum
1714 2604 1846 2636 men-

476 2681 601 2712 surae
638 2663 857 2711 infinitus
885 2662 1096 2709 natalem
1129 2661 1396 2707 Abrahami
1427 2662 1720 2718 antecessit3
1763 2661 1846 2710 sed

474 2740 702 2787 nativitas
737 2737 1002 2785 Abrahami
1037 2735 1299 2783 antecessit
1322 2735 1627 2784 nativitatem
1663 2737 1854 2792 Isaaci3.

473 2816 719 2862 infinitum
744 2830 858 2876 ergo
893 2813 1100 2870 infinito,
1139 2812 1238 2859 sive
1273 2818 1508 2859 aeternum
1536 2818 1720 2859 aeterno
1744 2828 1842 2859 ma-
