1910 3256
182 377 298 409 PARS
322 378 380 410 IV.

258 422 307 454 27.

150 512 201 543 De
217 513 373 545 immensa

150 557 370 595 magnitudine

150 600 346 638 quorundam

149 651 327 682 corporum,
340 644 398 675 &c.

179 2252 231 2283 De
247 2263 342 2284 causa

179 2295 260 2327 lucis
277 2296 395 2327 solaris.

431 255 522 297 364
990 267 1240 301 PHYSICA.

428 375 763 438 magnitudine
786 377 1014 432 universi,
1038 377 1108 423 ita
1130 377 1180 424 in
1214 377 1428 425 exilitate
1451 373 1662 441 partium
1697 379 1800 442 ejus

429 465 597 497 sensus
621 451 857 498 humanos
883 467 1020 514 aeque
1041 460 1252 514 superat.
1324 453 1572 515 Siquidem
1595 453 1646 501 in
1670 469 1800 502 com-

426 525 748 587 positionibus
784 527 1022 573 elementa
1044 526 1216 588 prima,
1244 527 1295 574 in
1329 528 1601 575 actionibus
1630 529 1800 592 primae

427 601 775 662 aggressiones,
801 602 852 648 in
885 601 1186 664 temporibus
1216 602 1374 664 prima
1407 610 1670 657 momenta,
1698 619 1798 652 non

427 675 586 722 minus
606 676 855 723 credibilia
878 683 992 723 sunt
1010 692 1155 738 quam
1180 692 1237 723 ea
1254 693 1361 738 quae
1385 693 1515 725 nunc
1534 677 1800 726 creduntur

427 749 486 796 de
511 750 744 798 distantia
765 752 986 798 fixarum.
1055 751 1344 814 Agnoscunt
1367 754 1597 801 mortales
1621 770 1800 817 magna

425 840 529 872 esse
554 826 792 888 quaedam,
828 826 920 873 etsi
954 826 1108 884 finita,
1133 834 1190 873 ut
1226 843 1334 889 quae
1356 828 1525 875 vident
1555 829 1627 876 ita
1663 844 1797 884 esse3

423 909 697 962 agnoscunt
720 901 837 948 item
854 901 1096 948 infinitam
1121 916 1224 948 esse
1249 917 1391 964 posse
1410 903 1798 966 magnitudinem

424 990 592 1022 eorum
624 992 731 1037 quae
767 992 867 1023 non
901 976 1097 1030 vident3
1139 976 1354 1023 medium
1388 994 1504 1025 vero
1537 994 1641 1026 esse
1671 979 1799 1029 inter

421 1050 682 1108 infinitum,
709 1058 759 1097 et
791 1066 959 1098 eorum
993 1067 1101 1113 quae
1124 1051 1294 1098 vident
1333 1053 1613 1115 cogitantve
1644 1055 1797 1102 maxi-

421 1141 570 1182 mum,
603 1141 704 1172 non
730 1126 901 1174 ,statim
936 1142 1027 1173 nec
1062 1126 1156 1173 nisi
1187 1126 1339 1174 multa
1379 1128 1651 1176 eruditione
1684 1145 1796 1192 per-

422 1200 703 1247 suadentur.
776 1200 873 1247 Sed
904 1217 1015 1247 cum
1048 1209 1162 1264 post
1194 1201 1563 1250 meditationem
1593 1210 1642 1251 et
1678 1220 1794 1252 con—

421 1275 790 1337 templationem
845 1275 1001 1323 multa
1044 1276 1324 1339 hujusmodi
1377 1277 1513 1325 dictu
1556 1278 1796 1327 mirabilia

421 1350 735 1397 familiariora
779 1351 920 1408 fiunt,
962 1358 1080 1398 tunc
1127 1351 1379 1399 credentes
1425 1352 1795 1402 admirationem

422 1426 758 1473 transferimus
782 1427 842 1473 ab
867 1427 1094 1489 operibus
1118 1427 1181 1473 ad
1212 1428 1465 1489 Opificem.
1522 1428 1620 1476 Sed
1642 1445 1795 1492 quan-

421 1501 717 1564 tulacunque
741 1518 947 1565 corpora
969 1502 1132 1565 aliqua
1155 1518 1257 1549 esse
1280 1503 1486 1565 possint,
1510 1519 1601 1551 nos
1626 1520 1795 1551 eorum

421 1577 743 1638 quantitatem
797 1594 897 1624 non
952 1578 1190 1625 minorem
1248 1593 1591 1641 supponemus,
1650 1595 1795 1643 quam

419 1653 742 1714 phaenomena
764 1653 869 1716 ipsa
885 1653 1219 1716 postulabunt.
1280 1653 1511 1701 Similiter
1529 1661 1794 1701 statuemus

421 1727 480 1774 de
505 1743 672 1774 eorum
695 1735 849 1786 motu,
888 1728 1148 1775 velocitate
1171 1728 1372 1790 inquam
1396 1735 1445 1775 et
1469 1728 1717 1787 tarditate,
1743 1737 1794 1778 et

420 1802 480 1849 de
498 1803 734 1850 varietate
753 1804 1035 1866 figurarum,
1060 1803 1304 1861 nimirum,
1324 1810 1485 1851 tantas
1509 1819 1589 1851 eas
1614 1820 1793 1868 suppo·
1851 1823 1854 1837 ²

419 1894 589 1925 nemus
614 1886 820 1940 quantas
845 1879 1008 1941 exiget
1032 1894 1286 1926 causarum
1314 1879 1609 1926 naturalium
1641 1881 1792 1943 expli-

419 1954 562 2000 catio.
632 1954 852 2016 Denique
876 1954 927 2000 in
950 1954 1170 2016 partibus
1192 1953 1304 2016 puri
1327 1954 1534 2012 aetheris,
1558 1962 1791 2017 tanquam

417 2029 467 2075 in
520 2029 724 2076 materia
777 2029 948 2092 prima,
994 2037 1180 2076 motum
1224 2037 1404 2092 praeter
1447 2030 1598 2087 illum,
1647 2047 1790 2093 quem

417 2104 563 2151 habet
586 2105 645 2151 ab
670 2104 1005 2151 innatantibus
1031 2105 1122 2152 sibi
1147 2104 1430 2166 corporibus
1455 2121 1554 2152 non
1578 2105 1788 2168 liquidis,

416 2196 635 2243 suppono
661 2196 766 2227 esse
788 2180 990 2227 nullum.
1648 2182 1649 2185 ’

482 2263 528 2304 2.
567 2256 660 2303 His
685 2255 965 2318 suppositis,
990 2255 1278 2302 accedamus
1302 2254 1365 2301 ad
1399 2271 1656 2302 causarum
1686 2254 1788 2302 dic-

414 2332 572 2378 tiones
593 2352 604 2386 ;
641 2339 691 2378 et
713 2331 1013 2393 inquiramus
1032 2331 1189 2393 primo
1213 2330 1321 2377 loco
1347 2346 1541 2377 causam
1563 2330 1684 2377 lucis
1709 2346 1787 2377 so-

414 2407 544 2454 laris.
616 2406 861 2454 Quoniam
885 2422 1001 2469 ergo
1027 2421 1202 2468 corpus
1227 2405 1383 2452 solare
1409 2413 1547 2452 motu
1569 2405 1786 2468 simplice

415 2482 639 2530 circulari
687 2482 1084 2529 circumstantem
1140 2480 1402 2528 aetheream
1465 2481 1785 2544 substantiam

413 2557 559 2604 modo
583 2557 651 2604 ud
673 2573 835 2614 unam,
862 2556 1007 2603 modo
1032 2555 1095 2602 ad
1117 2555 1261 2602 aliam
1279 2563 1470 2618 partem
1490 2572 1519 2603 a
1538 2571 1590 2603 se
1607 2555 1781 2618 rejicit,

412 2633 482 2679 ita
503 2640 573 2690 ut,
596 2648 703 2694 quae
719 2640 884 2694 partes
900 2630 1135 2694 proximae
1159 2630 1249 2677 soli
1273 2637 1402 2686 sunt,
1421 2639 1568 2677 motae
1592 2630 1653 2677 ab
1676 2630 1781 2692 ipso

412 2707 527 2765 sole,
542 2706 762 2769 proxime
776 2705 1061 2753 remotiores
1076 2721 1241 2751 rursus
1255 2714 1478 2767 urgeant,
1494 2720 1693 2752 necesse
1708 2713 1782 2752 est

410 2791 467 2828 ut
501 2783 551 2828 in
587 2797 876 2844 quacunque
918 2780 1150 2827 distantia
1187 2780 1335 2842 positi
1373 2780 1500 2827 oculi
1531 2788 1783 2842 prematur

411 2858 609 2904 tandem
627 2872 740 2919 pars
758 2856 990 2912 anterior,
1009 2864 1058 2903 et
1076 2871 1133 2903 ea
1145 2864 1286 2917 parte
1300 2871 1466 2918 pressa
1483 2861 1783 2918 propagetur
