1936 3262
372 261 480 301 ῙΧΧΧ
751 274 864 302 VITAE
888 274 1132 302 HOBBIANAE
1155 274 1436 304 AUCTARIUM.

437 383 549 425 Mihi
568 393 708 426 autem
727 384 909 435 dabitur,
931 399 1063 441 spero,
1097 384 1231 435 venia,
1262 385 1335 442 qui
1362 384 1476 442 quod
1504 387 1663 444 suscepi
1692 402 1818 446 argu-

378 482 567 515 mentum
587 474 744 531 ingenii
764 474 887 516 simul
907 484 950 516 et
968 473 1121 530 eloquii
1142 475 1345 517 tenuitate
1365 474 1554 518 deterere
1573 476 1684 520 haud
1706 478 1818 536 inju-

378 564 440 606 ria
470 565 636 616 videar3
670 580 800 622 quum
832 565 935 606 mihi
967 564 1227 608 solummodo
1262 565 1519 608 destinatum
1558 567 1612 610 sit
1649 568 1818 625 publico

379 654 590 706 inservire,
625 670 679 697 ne
711 655 777 698 vel
807 655 970 698 tantilla
1001 655 1240 699 Hobbianae
1280 657 1492 700 memoriae
1531 669 1817 712 monumenta,

378 745 580 788 immenso
595 747 791 803 temporis
811 761 966 789 oceano
986 748 1194 804 absorpta,
1215 747 1389 804 posteris
1410 747 1760 793 subducerentur.

436 976 504 1018 De
523 986 770 1019 testamento
789 987 930 1019 autem
961 977 1188 1020 Hobbiano
1219 978 1474 1021 monendum
1503 979 1657 1030 censui,
1691 989 1739 1022 ut
1767 978 1820 1023 de

1927 884 1936 952 ἑ

1926 980 1936 1060 i

379 1066 484 1108 tanti
503 1066 735 1124 philosophi
765 1067 913 1124 opibus
942 1077 1162 1119 constaret,
1194 1068 1331 1125 ipsum
1360 1069 1470 1111 circa
1498 1069 1674 1111 trecenti
1693 1069 1821 1115 libras
1924 1056 1936 1132 ξ

379 1157 633 1214 Anglicanas
652 1159 838 1214 cognatis
853 1169 896 1201 et
907 1159 1049 1201 amicis
1061 1159 1219 1216 legasse
1233 1176 1244 1210 3
1267 1159 1419 1216 quibus
1431 1169 1600 1202 centum
1615 1160 1819 1204 librarum
1919 1133 1936 1246 Ξ

378 1249 575 1291 mantissa
592 1249 760 1292 accessit
780 1265 834 1292 ex
849 1250 1136 1293 munificentia
1158 1250 1374 1301 Gulielmi,
1395 1249 1660 1293 illustrissimi
1679 1251 1820 1295 Devo—

378 1339 461 1381 niae
482 1340 669 1382 Comitis.

1926 1298 1936 1369 ,ἑ

1926 1377 1936 1408 ἰ

437 1429 707 1486 Epitaphium
728 1445 853 1487 porro
881 1430 1170 1482 Hobbianum,
1206 1430 1261 1473 ad
1287 1446 1356 1473 me
1375 1432 1506 1474 serius
1535 1432 1819 1475 transmissum
1924 1409 1936 1516 Ξ

378 1535 587 1577 apponere
607 1520 731 1564 volui.
1924 1520 1936 1596 ἲ

823 1692 1020 1722 CONDITA
1041 1693 1118 1722 HIC
1135 1693 1251 1722 SUNT
1272 1694 1375 1723 OSSA

682 1784 855 1812 THOMAE
878 1784 1052 1813 HOBBES
1073 1785 1520 1824 MALMESBUROENSIQ

711 1874 791 1907 QUI
813 1874 900 1902 PER
920 1874 1101 1903 MULTOS
1118 1874 1266 1904 ANNOS
1289 1875 1492 1904 SERVIVIT

751 1965 931 1994 DUOBUS
952 1965 1161 1994 DEVONIAE
1182 1966 1443 2005 00M1T113US‚

915 2056 1047 2084 PATRI
1070 2056 1127 2084 ET
1146 2057 1293 2094 F1L103

682 2145 759 2173 VIR
779 2145 967 2183 PROBUS,
988 2146 1046 2174 ΕΤ
1066 2147 1188 2175 FAMA
1210 2147 1508 2177 ERUDITIONIS

721 2234 839 2263 DOMI
861 2235 1083 2268 FORISQUE
1104 2236 1223 2265 BENE
1245 2236 1478 2267 COGNITUS.

733 2391 859 2419 OBIIT
878 2392 1004 2420 ANNO
1026 2392 1197 2421 DOMINI
1215 2393 1465 2423 MDCLxxlx.

791 2481 955 2510 MENSIS
977 2482 1232 2512 DECEMBRIS
1254 2485 1329 2512 DIE
1352 2485 1408 2513 1v.

902 2573 1068 2603 AETATls
1089 2574 1184 2603 SUAE
1204 2575 1291 2604 XCI.
