1936 3262
800 317 1061 350 EPISTOLA
1089 318 1483 354 DEDICATORIA.

423 434 610 482 ratione
667 437 876 483 naturali
929 437 1189 485 defendere
1242 439 1557 498 conabantur,
1614 415 1867 504 coeperunt

421 534 751 597 philosophari
779 537 924 583 etiam
947 535 1056 598 ipsi,
1082 544 1132 584 et
1155 537 1336 600 placita
1357 538 1593 587 nonnulla
1614 556 1674 587 ex
1707 539 1865 603 philob

423 634 685 697 sophorum
709 635 1015 683 ethnicorum
1040 636 1232 699 scriptis
1267 638 1530 701 Scripturae
1564 639 1726 687 Sacrae
1760 639 1865 703 pla·
1906 684 1908 687 ,

421 733 528 780 citis
562 734 844 782 admiscere.
919 736 982 782 Et
1016 736 1174 798 primo
1212 738 1407 799 quidem
1444 738 1676 802 dogmata
1710 739 1864 788 admi-

420 842 589 882 serunt
627 836 861 883 nonnulla
901 852 961 883 ex
999 836 1199 884 Platone
1241 838 1398 885 minus
1435 839 1596 886 noxia.
1673 839 1863 888 Deinde

418 950 534 982 vero
559 935 706 984 etiam
730 953 789 983 ex
812 936 947 984 libris
973 937 1189 1000 Physicae
1223 938 1607 987 Auscultationis
1631 947 1681 987 et
1703 939 1863 988 Meta-

414 1035 725 1097 physicorum
771 1037 1044 1084 Aristotelis
1079 1038 1232 1085 multa
1277 1038 1442 1101 inepta
1488 1046 1537 1087 et
1572 1039 1694 1088 falsa
1727 1054 1862 1088 assu-

415 1142 616 1194 mentes,
656 1135 771 1182 fidei
813 1136 1100 1184 Christianae
1138 1138 1274 1199 quasi
1312 1137 1602 1186 introductis
1640 1140 1861 1188 hostibus

413 1251 574 1283 arcem
619 1237 952 1299 prodiderunt.
1035 1239 1109 1284 Ex
1153 1253 1210 1286 eo
1258 1245 1478 1301 tempore
1523 1255 1613 1302 pro
1655 1239 1857 1288 Βεοσεέεἰα

412 1336 670 1384 habuimus
700 1337 1037 1385 scholasticam
1073 1338 1254 1386 dictam
1288 1338 1530 1403 θεολογίαν,
1566 1339 1692 1402 pede
1725 1340 1858 1388 incess

413 1435 609 1484 dentem
648 1438 802 1485 altero
854 1438 1065 1500 quidem,
1116 1455 1223 1501 quae
1274 1446 1349 1486 est
1395 1438 1647 1502 Scriptura
1693 1440 1856 1499 Sacra,

411 1537 585 1591 firm03
635 1537 788 1584 altero
827 1545 990 1585 autem
1025 1538 1239 1600 putrido,
1283 1554 1391 1600 quae
1438 1546 1512 1587 est
1549 1539 1858 1603 philosophia

409 1637 492 1684 illa
516 1653 661 1700 quam
684 1635 948 1700 Apostolus
973 1637 1149 1685 Paulus
1173 1637 1435 1700 appellavit
1465 1654 1656 1698 vanam,
1691 1641 1856 1703 potuit

408 1737 731 1798 perniciosam
750 1758 762 1792 ;
797 1737 1172 1785 innumerabiles
1196 1737 1326 1784 enim
1349 1737 1432 1785 illa
1470 1738 1522 1785 in
1546 1739 1663 1786 orbe
1687 1739 1853 1788 Chris-

406 1837 540 1884 tiano
565 1837 625 1884 de
660 1838 897 1901 religione
927 1837 1294 1895 controversias,
1334 1844 1384 1884 et
1419 1853 1478 1884 ex
1509 1839 1852 1887 controversiis

406 1938 535 1985 bella
564 1939 806 1986 excitavit.
884 1938 1064 1986 Similis
1095 1939 1304 1986 existens
1341 1939 1566 2001 Empusae
1602 1939 1734 2002 apud
1769 1952 1851 1987 co-'

405 2038 585 2085 micum
620 2038 984 2085 Atheniensem.
1053 2038 1124 2085 Ea
1157 2037 1286 2085 enim
1316 2037 1520 2085 Athenis
1556 2038 1849 2087 daemonium

404 2138 690 2196 habebatur,
745 2138 968 2185 mutabili
1023 2137 1198 2200 specie,
1244 2137 1448 2200 pedibus
1494 2138 1646 2186 altero
1694 2155 1848 2198 aeneo,

403 2238 555 2286 altero
579 2240 784 2298 asinino,
810 2239 973 2297 missa,
1002 2245 1057 2285 ut
1081 2238 1387 2295 credebatur,
1424 2238 1485 2285 ab
1524 2238 1729 2294 Hecate,
1757 2238 1847 2285 im-

403 2338 631 2386 minentis
652 2339 1027 2386 Atheniensibus
1050 2337 1305 2385 infortunii
1327 2337 1616 2400 praenuntia.
1665 2337 1847 2386 Contra

401 2439 527 2486 hanc
553 2439 818 2503 Empusam
843 2439 1156 2498 exorcismus,
1182 2439 1343 2497 credo,
1376 2438 1548 2486 melior
1576 2439 1843 2502 excogitari

399 2554 498 2586 non
521 2546 699 2601 potest,
725 2556 872 2602 quam
895 2547 950 2586 ut
972 2539 1234 2602 religionis,
1260 2539 1311 2586 id
1338 2546 1428 2595 est,
1453 2538 1544 2585 Dei
1566 2537 1842 2586 honorandi

399 2637 684 2700 colendique
716 2639 898 2702 regulae
922 2655 951 2685 a
972 2638 1160 2701 legibus
1193 2637 1431 2700 petendae,
1469 2653 1499 2684 a
1521 2637 1839 2700 philosophiae

397 2737 592 2800 regulis,
609 2738 660 2784 id
675 2746 764 2796 est,
780 2755 809 2785 a
822 2738 1125 2800 privatorum
1142 2737 1394 2784 hominum
1415 2735 1722 2799 dogmatibus
1741 2736 1838 2784 dis-

397 2837 697 2900 tinguantur,
725 2855 927 2903 quaeque
952 2837 1197 2900 religionis
1231 2845 1344 2884 sunt
1370 2836 1632 2898 Scripturae
1659 2836 1836 2894 Sacrae,
