1910 3256
197 342 314 418 mig}
333 343 392 375 IV·
450 347 639 388 naturae
668 341 888 391 animalis
924 343 1146 391 ordinem
1175 360 1322 392 causa
1355 344 1680 407 superveniat,
1713 353 1771 396 'ut
1802 363 1833 396 a

201 407 391 456 »ὴὲ-κ
450 414 735 463 lassitudine
760 417 835 464 vel
859 434 889 464 a
910 419 1079 465 morbo
1112 418 1273 480 aliquo
1307 418 1528 467 internus
1563 419 1723 479 ardor,
1747 421 1831 485 qui

450 489 646 551 spiritus
681 498 730 538 et
766 492 937 554 organi
976 499 1140 556 partes
1178 500 1378 541 caeteras
1415 500 1595 556 praeter
1635 493 1829 544 solitum

449 566 713 614 concutiat.

165 646 430 696 phantafmatum
515 646 560 688 8.
599 641 746 689 Quod
777 648 939 688 autem
974 642 1024 689 in
1046 642 1280 690 varietate
1314 643 1406 691 hac
1440 642 1831 706 phantasmatum

163 700 334 773 Zffi‘iisssm'
447 715 543 763 alia
565 733 624 763 ex
648 717 753 764 aliis
795 724 1072 774 nascantur,
1097 724 1229 764 etex
1252 718 1423 765 iisdem
1462 718 1609 767 modo
1644 719 1831 780 similia,

446 791 593 839 modo
636 791 954 839 dissimillima
998 792 1050 839 in
1089 799 1303 840 mentem
1338 794 1552 852 veniant,
1589 810 1692 843 non
1730 795 1832 844 sine

447 882 593 914 causa
613 883 704 914 nec
738 874 840 914 tam
875 866 1078 914 fortuito
1118 868 1189 925 fit,
1213 874 1269 915 ut
1290 869 1430 916 multi
1466 869 1670 917 fortasse
1705 870 1833 927 arbi÷=

445 948 652 989 trantur.
724 941 853 988 Nam
875 941 927 988 in
949 948 1088 989 motu
1110 942 1323 1004 partium
1358 944 1574 1006 corporis
1597 944 1831 1005 continui,
1878 990 1881 992 .

445 1032 557 1078 pars
579 1012 768 1079 partem
791 1016 1007 1079 sequitur
1023 1032 1112 1079 per
1126 1017 1464 1066 cohaesionem.
1533 1019 1663 1067 Dum
1684 1019 1834 1083 igitur

447 1091 613 1139 oculos
637 1091 937 1154 aliorumque
955 1107 1183 1139 sensuum
1202 1108 1386 1155 organa
1403 1093 1467 1140 ad
1487 1094 1628 1156 plura
1644 1095 1835 1158 obJecta

447 1166 713 1214 successive
737 1166 1047 1225 obvertimus,
1083 1174 1312 1214 manente
1350 1168 1433 1231 qui
1456 1169 1517 1216 ab
1539 1185 1832 1234 unoquoque

446 1258 616 1298 eorum
637 1242 795 1289 factus
819 1248 923 1289 erat
946 1249 1121 1301 motus,
1153 1250 1475 1292 renascuntur
1495 1245 1834 1308 phantasmata

448 1317 635 1380 quoties
673 1317 876 1380 quilibet
912 1333 1080 1364 eorum
1116 1325 1339 1365 motuum
1362 1320 1549 1367 caeteris
1575 1320 1833 1383 praedomi-

445 1399 618 1448 natur;
654 1392 1072 1455 praedominantur
1106 1399 1270 1440 autem
1305 1394 1478 1442 eodem
1514 1395 1700 1454 ordine,
1736 1411 1831 1459 quo
1888 1397 1891 1399 ’

445 1469 497 1516 in
543 1468 706 1531 aliquo
746 1475 966 1530 tempore
999 1468 1101 1530 jam
1136 1468 1383 1531 praeterito
1419 1486 1508 1532 per
1561 1471 1832 1519 sensionem

444 1551 678 1607 generata
701 1551 854 1591 erant.
926 1544 1001 1591 Ita
1022 1551 1077 1591 ut
1110 1551 1366 1607 postquam
1388 1545 1527 1593 valde
1561 1546 1715 1594 multa
1745 1562 1832 1609 per

445 1626 639 1667 aetatem
663 1619 968 1677 senserimus,
1007 1619 1234 1681 quaelibet
1268 1619 1498 1682 cogitatio
1533 1632 1593 1668 ex
1621 1621 1832 1684 qualibet

444 1695 545 1742 fere
570 1694 686 1742 oriri
715 1694 883 1756 possit,
916 1701 965 1741 et
987 1701 1259 1757 propterea,
1282 1711 1390 1758 quae
1409 1711 1554 1758 quam
1571 1703 1833 1759 sequutura

445 1770 522 1828 sit,
567 1770 823 1817 fortuitum
866 1769 1020 1817 videri
1063 1777 1237 1833 potest.
1313 1771 1478 1819 Minus
1523 1780 1687 1820 autem
1730 1772 1831 1836 ple-

444 1861 649 1908 rumque
671 1845 983 1908 vigilantibus
1019 1845 1258 1892 incertum
1298 1852 1371 1893 est
1408 1846 1516 1894 hoc.
1589 1847 1830 1896 Quoniam

445 1921 675 1984 cogitatio
703 1921 801 1968 sive
834 1921 1123 1983 phantasma
1157 1921 1308 1983 cupiti
1329 1921 1440 1969 finis
1467 1922 1657 1970 inducit
1678 1923 1831 1986 phan-

444 2003 652 2043 tasmata
690 1995 962 2043 mediorum
1002 1996 1065 2043 ad
1095 1996 1235 2051 illum
1257 1997 1405 2044 finem
1438 1997 1828 2057 conducentium,

445 2071 592 2134 idque
650 2070 819 2118 ordine
877 2071 1118 2135 analytico
1164 2087 1194 2118 a
1237 2071 1509 2119 mediorum
1552 2073 1724 2121 ultimo
1768 2073 1830 2121 ad

444 2147 672 2209 primum,
698 2152 746 2193 et
779 2161 944 2192 rursus
967 2163 996 2193 a
1017 2146 1256 2209 principio
1291 2146 1354 2193 ad
1386 2148 1549 2196 finem.
1620 2148 1717 2196 Sed
1737 2149 1828 2197 hoc

443 2222 674 2284 supponit
719 2228 768 2269 et
822 2222 1105 2284 appetitum,
1152 2228 1201 2269 et
1244 2222 1517 2270 mediorum
1566 2223 1629 2271 ad
1682 2224 1828 2272 finem

439 2297 805 2360 judicationem,
843 2312 962 2358 quos
997 2297 1092 2344 fert
1129 2297 1439 2359 experientia.
1521 2298 1830 2361 Experientia

445 2379 608 2420 autem
632 2379 704 2420 est
730 2373 1123 2435 phantasmatum
1147 2373 1286 2435 copia
1325 2380 1431 2421 orta
1470 2390 1530 2421 ex
1568 2374 1828 2423 multarum

442 2464 607 2495 rerum
630 2448 944 2495 sensionibus.

512 2524 626 2570 Non
650 2523 779 2570 enim
803 2522 1033 2570 differunt
1071 2522 1198 2570 inter
1221 2538 1271 2570 se
1296 2524 1567 2584 φαντάζεσθαι
1596 2530 1645 2571 et
1667 2523 1827 2572 memi-

442 2598 591 2656 nisse,
616 2598 709 2645 nisi
733 2597 863 2659 quod
886 2597 1159 2644 meminisse
1182 2598 1409 2660 supponit
1443 2605 1633 2660 tempus
1655 2605 1826 2662 praete-

441 2673 606 2731 ritum,
628 2674 899 2734 φαντάζεσθαι
918 2679 1080 2719 autem
1097 2672 1310 2719 minime.
1351 2673 1409 2720 In
1428 2673 1660 2720 memoria
1675 2674 1825 2736 phan-

439 2754 652 2795 tasmata
690 2755 924 2811 tanquam
962 2755 1179 2810 tempore
1219 2748 1386 2796 attrita
1430 2748 1823 2804 considerantum

442 2822 492 2868 in
515 2823 771 2884 phantasia
793 2830 849 2870 ut
871 2830 998 2870 sunt.
1071 2823 1194 2871 Quae
1231 2823 1426 2885 quidem
1462 2823 1706 2872 distinctio
1727 2839 1823 2872 non

452 220 545 263 324
1016 234 1269 268 PHYSICA.
