1936 3262
0 210 6 224 ς

0 334 10 400 ,ἕ

0 408 7 446 ,ἱ

0 451 6 471 i

0 505 11 569 ξ
18 518 19 521 ,

7 2343 33 2394 »337

2 2458 25 2499 ,¹22⁴

7 2618 49 3055 axam-samum
10 2451 44 2607 ÷÷³ss²⁴½=>2=ae<
6 2410 39 2430 f,

666 255 767 282 VITA
789 253 893 282 THO.
918 253 1106 281 HOBBES.
1565 252 1621 279 XV

162 382 260 411 cum
282 365 513 410 Mersenno
528 381 604 423 per
623 365 764 408 literas
777 364 1050 408 continuavit.
1093 363 1263 406 Interea
1287 363 1414 413 Scoti,
1437 363 1623 420 depulsis

165 458 396 516 Episcopis,
418 466 688 515 sumpserunt
716 472 834 499 arma
864 465 1011 499 contra
1039 469 1197 512 regem,
1228 453 1464 496 faventibus
1496 455 1624 496 etiam

165 549 367 595 ministris
389 548 555 606 Anglis,
577 548 670 599 illis,
694 549 768 606 qui
783 548 922 590 vocari
935 546 1070 590 solent
1087 544 1414 602 Presbyteriani.
1475 545 1627 603 Itaque

167 649 443 685 convocatum
473 649 537 682 est
567 639 613 681 in
645 638 804 696 Anglia
838 637 1172 681 Parliamentum
1206 636 1313 678 illud
1348 636 1626 687 notissimum,

168 731 284 791 quod
302 732 517 788 inceptum
537 740 599 773 est
621 730 729 772 Nov.
752 733 792 780 3,
818 732 940 771 1640.
1004 728 1074 770 Ex
1094 728 1154 778 iis,
1188 743 1285 785 quae
1305 728 1349 769 in
1372 727 1442 770 illo
1467 728 1628 770 Par-lia-

169 833 313 868 mento
333 824 468 867 tribus
488 831 720 880 quatuorve
736 821 885 863 diebus
900 820 1046 878 primis
1066 819 1256 863 consulta
1274 819 1449 871 viderat,
1472 820 1631 863 bellum

169 914 291 958 civile
309 915 520 972 ingruere,
537 923 581 956 et
600 922 767 956 tantum
787 928 874 955 non
895 913 1039 955 adesse
1060 912 1255 963 sentiens,
1273 912 1419 954 retulit
1431 928 1474 954 se
1489 928 1633 955 rursus

171 1007 216 1049 in
241 1005 439 1057 Galliam,
471 1005 740 1048 scientiarum
767 1005 907 1048 studio
940 1005 1109 1047 Parisiis
1131 1004 1262 1046 tutius
1283 1015 1504 1046 vacaturus
1535 1020 1632 1047 cum

174 1097 419 1148 Mersenno,
452 1097 684 1148 Gassendo,
716 1097 892 1154 aliisque
919 1096 1030 1147 viris,
1064 1105 1238 1153 propter
1267 1095 1561 1147 eruditionem,
1593 1106 1636 1139 et

171 1190 259 1233 vim
277 1190 323 1232 in
342 1189 644 1241 ratiocinando,
667 1189 949 1232 celeberrimis
983 1190 1088 1245 (non
1113 1188 1227 1230 enim
1248 1188 1342 1231 dico
1362 1188 1634 1246 philosophis,

175 1282 276 1339 quia
304 1297 461 1325 nomen
494 1281 601 1324 illud
627 1297 652 1324 a
671 1281 862 1338 plurimis
897 1279 1180 1324 nebulonibus
1210 1280 1376 1337 jamdiu
1412 1290 1636 1338 gestatum,

175 1373 337 1424 tritum,
367 1373 650 1431 inquinatum,
686 1388 801 1415 nunc
833 1372 989 1414 infame
1024 1372 1120 1426 est).
1196 1372 1308 1415 Cum
1338 1373 1428 1429 jam
1468 1373 1638 1415 Parisiis

177 1474 334 1523 ageret,
370 1464 561 1507 libellum
592 1464 756 1521 scripsit
786 1466 856 1507 De
871 1466 990 1523 ije,
1031 1479 1159 1521 quem
1190 1463 1325 1506 edidit
1356 1479 1469 1506 anno
1504 1468 1638 1515 1646;

181 1571 267 1614 quo
286 1564 488 1612 tempore,
508 1554 836 1612 praevalentibus
859 1554 1229 1605 Parliamentariis,
1247 1554 1370 1596 multi
1383 1570 1544 1606 eorum,
1567 1556 1641 1613 qui

178 1656 318 1705 partes
336 1646 473 1704 regias
501 1646 669 1704 sequuti
689 1655 822 1697 erant,
861 1655 904 1688 et
934 1646 978 1687 in
1009 1645 1090 1688 illis
1123 1646 1324 1703 Princeps
1349 1646 1510 1689 Walliae
1549 1648 1642 1704 (qui

178 1754 295 1783 nunc
313 1748 377 1782 est
401 1753 479 1781 rex
501 1737 689 1796 Angliae)
716 1737 898 1781 Parisios
922 1739 1231 1782 confluxerunt.
1296 1739 1510 1782 Statuerat
1533 1740 1643 1783 circa

179 1831 294 1874 idem
313 1839 491 1888 tempus,
523 1831 695 1874 hortatu
714 1831 839 1874 amici
858 1831 1077 1888 cujusdam
1098 1831 1250 1874 nobilis
1283 1830 1642 1889 Languedociani,

128 1966 130 1969 ,
180 1923 364 1981 migrare
379 1922 424 1964 in
439 1921 796 1980 Languedociam‚
820 1931 862 1964 et
882 1923 1144 1979 praemiserat
1158 1923 1261 1979 jam,
1285 1938 1382 1980 quae
1403 1923 1482 1966 sibi
1503 1939 1645 1966 neces-

181 2014 291 2058 saria
309 2023 432 2056 erant
445 2031 457 2066 3
488 2013 562 2056 sed
582 2014 899 2057 commendatus
932 2014 1133 2072 Principi,
1171 2026 1217 2057 ut
1245 2015 1454 2059 elementa
1483 2017 1646 2059 mathe-

182 2105 348 2148 maticae
368 2105 430 2148 illi
449 2106 713 2164 praelegeret,
735 2107 922 2149 substitit
940 2106 1122 2150 Parisiis.
1165 2107 1294 2157 Quod
1306 2109 1360 2151 ab
1376 2109 1455 2151 hoc
1471 2124 1647 2151 munere

184 2196 384 2254 temporis
403 2196 554 2240 habuit
573 2197 707 2248 vacui,
744 2198 1002 2255 consumpsit
1034 2199 1078 2239 in
1113 2198 1336 2241 scribendo
1365 2199 1535 2250 librum,
1574 2200 1647 2257 qui

185 2302 300 2330 nunc
319 2302 406 2330 non
428 2287 565 2331 solum
586 2289 630 2330 iu
653 2288 826 2346 Anglia,
849 2289 923 2331 sed
942 2289 987 2330 in
1007 2289 1153 2331 vicinis
1173 2290 1383 2348 gentibus,
1409 2291 1648 2333 notissimus

171 2387 251 2421 ‘est
288 2378 460 2421 nomine
499 2382 769 2428 Leviathan;
817 2396 945 2438 quem
985 2381 1112 2423 etiam
1152 2381 1195 2423 in
1239 2381 1397 2439 Anglia
1436 2382 1648 2424 edendum

189 2470 364 2521 curavit,
379 2470 467 2527 ipse
488 2485 662 2513 manens
682 2471 820 2513 adhuc
846 2471 1029 2523 Parisiis,
1052 2487 1164 2515 anno
1189 2475 1312 2523 1651,
1340 2487 1501 2515 annum
1520 2489 1649 2531 agens

191 2563 260 2604 63.
320 2560 374 2603 In
393 2576 444 2604 eo
465 2577 591 2619 opere
610 2562 637 2604 J
642 2578 687 2604 us
713 2563 910 2620 Regium,
940 2573 1032 2606 tum
1053 2565 1271 2621 spirituale
1293 2575 1383 2607 tum
1405 2566 1648 2623 temporale,

189 2653 250 2696 ita
267 2652 581 2705 demonstravit,
615 2664 706 2697 tum
737 2656 970 2699 rationibus
1007 2666 1097 2700 tum
1128 2657 1383 2701 authoritate
1421 2659 1651 2716 Scripturae

195 2745 350 2797 Sacrae‚
372 2754 420 2788 ut
438 2747 704 2804 perspicuum
727 2747 885 2799 fecerit,
917 2764 1063 2806 pacem
1091 2749 1135 2790 in
1156 2750 1260 2792 orbe
1291 2750 1532 2793 Christiano
1552 2766 1652 2793 nus-

192 2851 321 2894 quam
340 2837 586 2881 diuturnam
605 2853 693 2881 esse
713 2855 846 2896 posse,
868 2840 949 2882 nisi
970 2840 1033 2882 vel
1066 2841 1258 2883 doctrina
1287 2841 1358 2884 illa
1388 2857 1463 2884 sua
1487 2853 1653 2900 recepta

193 2926 333 2982 fuerit,
356 2930 422 2973 vel
441 2931 539 2974 satis
559 2947 738 2989 magnus
758 2933 966 2976 exercitus
985 2933 1095 2976 cives
1121 2933 1175 2976 ad
1195 2934 1460 2977 concordiam
1482 2950 1654 2992 compu-
