1936 3262
333 247 404 288 xiv
837 259 938 287 vrrA
958 259 1063 288 ΤΗο.
1087 259 1271 286 nonnas.

336 370 549 424 (adhibitis
583 369 949 427 grammaticorum
981 369 1205 411 celebrium
1238 367 1562 420 commentariis)
1596 367 1773 409 versavit

331 459 576 516 diligenter3
607 474 691 502 non
711 468 759 501 ut
777 459 938 509 floride,
972 459 1044 500 sed
1074 468 1122 500 ut
1152 458 1304 500 Latine
1335 467 1472 514 posset
1505 457 1697 508 scribere,
1731 466 1775 499 et

331 550 416 591 vim
446 550 668 592 verborum
701 549 888 606 cogitatis
918 558 1218 606 congruentem
1248 548 1458 598 invenire3
1489 547 1629 604 itaque
1648 547 1776 590 verba

332 639 564 696 disponere,
587 648 634 680 ut
655 639 776 682 lectio
797 639 1014 695 perspicua
1033 647 1076 680 et
1094 637 1223 679 facilis
1243 646 1362 679 esset.
1422 636 1540 678 Inter
1560 636 1776 679 historicos

335 729 506 771 Graecos
535 728 827 785 Thucydidem
857 744 945 785 prae
976 729 1135 771 caeteris
1166 728 1325 777 dilexit,
1360 738 1402 769 et
1422 727 1559 769 vacuis
1589 727 1702 769 horis
1732 727 1775 769 in

332 835 565 862 sermonem
588 820 814 876 Anglicum
830 819 1030 876 paulatim
1046 833 1291 860 conversum
1307 832 1402 859 cum
1418 817 1622 859 nonnulla
1637 816 1775 868 laude,

333 910 442 952 circa
471 925 630 952 annum
658 910 815 952 Christi
849 912 970 959 1628,
1004 908 1046 949 in
1082 907 1298 964 publicum
1333 907 1489 957 edidit3
1521 922 1570 948 eo
1601 907 1700 958 fine,
1730 917 1778 950 ut

332 1001 501 1057 ineptiae
523 1001 910 1044 Democraticorum
943 999 1265 1042 Atheniensium
1285 998 1522 1040 concivibus
1555 998 1638 1040 suis
1653 1006 1771 1054 pate—

334 1091 495 1133 fierent.
558 1090 622 1133 Eo
649 1106 760 1132 anno
792 1090 943 1133 Comes
969 1090 1185 1140 Devoniae,
1208 1089 1275 1131 cui
1304 1090 1394 1145 jam
1414 1089 1611 1131 servierat
1630 1088 1779 1146 viginti

334 1198 478 1233 annos,
500 1183 611 1224 diem
641 1183 756 1232 obiit,
786 1191 904 1239 patre
934 1182 1023 1237 ejus
1052 1181 1222 1223 biennio
1252 1189 1349 1222 ante
1381 1179 1591 1223 defuncto.
1651 1179 1779 1221 Anno

335 1284 548 1331 sequente,
571 1274 643 1330 qui
664 1283 754 1315 erat
776 1273 930 1315 Christi
964 1275 1086 1322 1629,
1121 1286 1218 1313 eum
1252 1270 1455 1327 attigisset
1488 1284 1647 1311 annum
1677 1284 1780 1327 qua—

336 1364 628 1420 dragesimum,
677 1372 846 1420 rogatus
875 1379 900 1404 a
929 1362 1185 1404 nobilissimo
1225 1362 1312 1402 viro
1353 1361 1538 1402 Domino
1579 1360 1781 1403 Gervasio

339 1455 509 1505 Clifton,
526 1464 572 1497 ut
587 1454 711 1496 vellet
725 1453 859 1496 filium
874 1469 996 1495 suum
1008 1453 1311 1495 adolescentem
1324 1451 1513 1493 comitari
1524 1451 1568 1491 in
1584 1449 1779 1500 Galliam,

336 1545 496 1601 accepit
514 1544 807 1587 conditionem.
869 1543 918 1585 In
950 1543 1285 1600 peregrinatione
1317 1541 1388 1583 illa
1418 1541 1622 1597 inspicere
1652 1540 1780 1598 coepit

336 1635 379 1676 in
402 1634 622 1677 Elementa
643 1634 848 1685 Euclidis3
883 1644 925 1675 et
954 1634 1180 1675 delectatus
1207 1631 1404 1674 methodo
1424 1631 1548 1681 illius,
1579 1646 1666 1674 non
1696 1641 1783 1674 tam

337 1725 392 1767 ob
408 1725 664 1766 theoremata
683 1724 766 1775 illa,
788 1739 914 1781 quam
935 1724 989 1766 ob
1009 1733 1142 1765 artem
1162 1721 1452 1771 ratiocinandi,
1469 1720 1783 1778 diligentissime

337 1816 525 1872 perlegit.
588 1817 715 1858 Anno
730 1815 887 1858 Christi
906 1817 1028 1864 1631,
1047 1822 1260 1856 revocatus
1282 1821 1344 1854 est
1364 1812 1407 1853 in
1423 1811 1623 1853 familiam
1641 1812 1784 1854 Comi-

338 1907 448 1948 tissae
485 1906 701 1956 Devoniae,
737 1915 785 1947 ut
820 1906 952 1947 filium
989 1919 1110 1946 suum
1145 1903 1353 1946 Comitem
1385 1901 1602 1953 Devoniae,
1634 1912 1783 1945 natum

338 2012 470 2039 annos
494 2000 559 2048 13,
581 1998 625 2039 in
646 1997 775 2039 literis
795 1998 1032 2047 instrueret,
1061 2011 1187 2053 quem
1215 1995 1353 2045 etiam,
1375 1994 1540 2036 circiter
1555 1994 1784 2037 triennium

338 2098 443 2145 post,
466 2089 684 2131 comitatus
704 2098 767 2130 est
795 2089 837 2129 in
871 2087 1053 2130 Galliam
1080 2097 1123 2129 et
1153 2086 1332 2137 Italiam,
1369 2086 1602 2128 studiorum
1623 2087 1713 2142 ejus
1741 2096 1785 2129 et

339 2179 537 2221 itinerum
557 2189 705 2221 rector.
766 2179 881 2220 Dum
903 2188 1136 2221 moraretur
1162 2177 1343 2227 Parisiis,
1375 2177 1581 2233 principia
1599 2177 1784 2219 scientiae

340 2270 539 2312 naturalis
555 2270 803 2327 investigare
823 2270 961 2326 coepit.
1024 2269 1133 2318 Quae
1153 2283 1250 2310 cum
1270 2268 1312 2308 in
1336 2277 1488 2309 natura
1515 2276 1558 2309 et
1578 2267 1777 2310 varietate

341 2371 530 2402 motuum
560 2361 765 2403 contineri
794 2360 928 2410 sciret,
958 2359 1148 2417 quaesivit
1177 2357 1379 2414 inprimis,
1416 2357 1549 2414 qualis
1584 2366 1721 2399 motus
1750 2357 1785 2400 is

340 2467 427 2493 esse
456 2460 605 2507 posset,
640 2450 712 2507 qui
744 2449 867 2492 efficit
901 2449 1145 2499 sensionem,
1178 2448 1448 2498 intellectum,
1480 2447 1782 2504 phantasmata,

341 2541 523 2598 aliasque
541 2541 812 2597 proprietates
827 2540 1091 2591 animalium3
1122 2540 1310 2597 cogitatis
1326 2539 1409 2581 suis
1420 2554 1516 2581 cum
1535 2538 1783 2581 Reverendo

345 2631 470 2673 Patre
488 2630 659 2672 Marino
678 2630 919 2681 Mersenno,
942 2630 1098 2673 ordinis
1114 2630 1406 2680 Minimorum,
1428 2629 1472 2670 in
1494 2629 1609 2671 omni
1628 2643 1783 2686 genere

341 2721 613 2778 philosophiae
633 2721 907 2763 versatissimo
927 2721 1099 2777 viroque
1130 2720 1300 2776 optimo,
1334 2719 1521 2776 quotidie
1550 2718 1783 2760 communi-

343 2812 456 2853 catis.
518 2811 646 2853 Anno
664 2811 821 2853 Christi
841 2812 946 2852 1637
970 2825 1065 2852 cum
1085 2819 1261 2866 patrono
1277 2824 1351 2851 suo
1368 2809 1412 2850 in
1430 2808 1629 2864 Angliam
1645 2807 1781 2858 rediit,

343 2911 386 2943 et
405 2901 517 2958 apud
537 2901 654 2942 illum
675 2901 848 2951 mansit3
878 2900 991 2942 unde
1017 2900 1070 2943 de
1099 2900 1223 2942 rebus
1253 2898 1512 2942 naturalibus
1539 2898 1784 2940 commercia
