1936 3262
279 347 396 423 PAlgS
423 348 452 380 1.

233 481 348 513 Causae

229 525 380 557 maximae
395 526 428 558 in

229 577 422 610 unoquoque

230 620 345 651 genere
360 613 428 644 uni—

230 655 366 686 versales
375 661 451 688 sunt

229 705 286 737 per
300 708 334 730 se
344 701 489 740 cognitae.

419 740 473 749 ...—

233 2234 405 2267 Methodus

233 2289 251 2309 a
266 2279 427 2320 principiis

230 2322 366 2353 inventis

229 2365 269 2395 ad
283 2366 447 2397 scientiam

229 2409 360 2439 tendens

229 2451 414 2492 simpliciter

227 2505 375 2535 quaenam
388 2495 439 2526 sit.

1808 0 1936 170 ’1

513 225 575 267 62
822 239 1172 275 COMPUTATIO
1201 242 1325 276 SIVE
1354 244 1567 277 LOGICA.

1912 174 1913 178 ¹
1919 165 1933 199 ᾗ

512 347 787 410 vestigandi
825 351 1051 398 notiones
1088 367 1252 399 rerum
1274 353 1589 411 universaleS,
1623 368 1729 404 esse
1761 372 1881 421 pure

268 413 455 461 *wss‘
512 422 818 486 analyticam.
1928 423 1936 435 Γ

463 485 511 494 ”
579 504 619 545 5.
661 498 830 547 Causae
865 508 1030 548 autem
1063 501 1411 550 universalium
1452 502 1642 564 (eorum
1675 520 1880 568 quorum
1918 543 1933 549 .-

511 587 675 621 causae'
692 574 865 637 aliquae
890 575 1088 623 omnino
1113 576 1248 638 sunt)
1286 577 1558 626 manifestae
1581 587 1696 627 sunt
1717 595 1806 643 per
1829 597 1880 631 se
1924 586 1929 633 J

509 649 609 696 sive
632 655 824 697 παίωνα»
852 650 928 711 (ut
951 650 1141 713 dicunt)
1170 659 1316 707 nota;
1352 653 1423 700 ita
1444 660 1501 700 ut
1523 653 1657 702 nulla
1680 655 1878 706 omnino
1919 651 1925 722 ᾖ

507 723 739 771 methodo
781 724 1034 787 indigeant
1050 745 1062 780 ;
1112 742 1258 774 causa,
1297 727 1426 774 enim
1461 743 1630 776 eorum
1662 729 1879 779 omnium
1922 727 1933 759 ἶ·

505 798 791 846 universalis
836 815 950 858 una,
1007 808 1081 848 est
1121 808 1312 856 motus;
1361 818 1475 849 nam
1516 810 1567 850 et
1607 804 1875 867 figurarum
1919 802 1936 863 ²}-

506 872 723 920 omnium
737 874 946 944 varietas
962 890 1020 921 ex
1038 875 1275 923 varietate
1295 876 1451 924 oritur
1465 885 1689 926 motuum
1703 879 1878 942 quibus

505 955 874 1007 construuntur,
920 965 1012 996 nec
1056 957 1219 998 motus
1265 951 1409 999 aliam
1455 968 1652 1000 causam
1696 953 1877 1004 habere
1922 956 1936 999 f

1917 1002 1936 1034 ’ἒί

502 1022 711 1085 intelligi
733 1031 899 1086 potest
925 1032 1105 1087 praeter
1129 1025 1277 1072 alium
1299 1034 1503 1086 motum,
1538 1043 1698 1090 neque
1721 1030 1877 1078 varie·
1923 1049 1936 1095 35

501 1104 630 1144 tates
654 1113 818 1144 rerum
842 1114 988 1146 sensu
1009 1107 1367 1162 perceptarum,
1390 1108 1448 1148 ut
1471 1102 1706 1162 colorum,
1733 1119 1877 1153 sono-

501 1187 626 1229 rum,
669 1187 912 1234 saporum,
954 1172 1036 1220 &c.
1073 1174 1219 1220 aliam
1251 1175 1436 1222 habent
1469 1191 1665 1224 causam
1695 1186 1877 1240 praeter

501 1253 703 1304 motum,
742 1247 922 1308 partim
960 1247 1012 1294 in
1049 1248 1254 1310 objectis
1293 1250 1567 1312 agentibus,
1607 1252 1787 1314 partim
1823 1254 1875 1302 in

1921 1101 1936 1143 i

1922 1247 1936 1259 (u

1924 1279 1936 1323 1

501 1320 619 1383 ipsis
661 1322 985 1370 sentientibus
1026 1322 1422 1380 delitescentem3
1474 1325 1546 1373 ita
1590 1333 1771 1386 tamen,
1817 1336 1875 1377 ut
1927 1336 1936 1386 Ξ

502 1412 794 1458 quamquam
819 1397 973 1460 qualis
997 1398 1077 1445 ille
1100 1406 1262 1446 motus
1287 1400 1351 1446 sit
1375 1400 1479 1447 sine
1498 1401 1874 1452 ratiocinatione

1920 1394 1936 1463 ἓ

501 1472 732 1534 cognosci
773 1489 873 1520 non
913 1473 1083 1536 possit,
1121 1490 1227 1522 esse
1261 1482 1425 1523 tamen
1448 1484 1637 1524 motum
1661 1477 1873 1541 aliquem
1930 1485 1936 1506 *³

498 1546 810 1594 manifestum
857 1548 934 1594 sit.
1003 1548 1110 1595 Etsi
1156 1549 1285 1596 enim
1325 1550 1570 1614 plerisque
1610 1559 1668 1599 ut
1711 1561 1871 1602 muta-
1902 1550 1907 1565 ³

497 1621 682 1668 tionem
704 1622 754 1669 in
778 1630 916 1669 motu
936 1623 1201 1670 consistere
1220 1624 1498 1688 intelligant
1514 1628 1869 1678 monstratione
1928 1672 1933 1677 ⁴

497 1696 660 1759 aliqua
682 1713 804 1759 opus
828 1697 906 1755 sit,
942 1697 992 1744 id
1027 1705 1191 1745 tamen
1226 1716 1325 1746 non
1360 1701 1540 1748 accidit
1572 1710 1775 1765 propter
1797 1705 1869 1752 rei
1931 1704 1936 1710 “

497 1771 862 1830 obscuritatem,
903 1771 1035 1833 (nam
1066 1780 1123 1819 ut
1157 1773 1340 1836 aliquid
1362 1775 1440 1822 vel
1465 1775 1524 1823 de
1549 1784 1683 1824 statu
1704 1778 1782 1825 vel
1807 1778 1867 1826 de

494 1854 634 1894 motu
669 1863 756 1894 suo
792 1846 1011 1904 decedat,
1047 1847 1142 1894 nisi
1175 1864 1263 1910 per
1297 1857 1486 1896 motum
1519 1850 1728 1914 intelligi
1765 1868 1866 1900 non

492 1920 676 1983 potest)
705 1920 791 1968 sed
808 1921 886 1967 vel
907 1929 1109 1983 propter
1132 1923 1405 1970 naturalem
1429 1924 1717 1984 discursum,
1741 1943 1866 1989 prae-
1931 1972 1936 1994 .-

487 1996 684 2059 judiciis
730 1996 1077 2058 magistrorum
1123 2006 1423 2060 corruptum,
1480 1999 1558 2046 vel
1604 2008 1867 2063 propterea,

491 2071 623 2134 quod
659 2071 723 2118 ad
760 2071 1018 2118 veritatem
1059 2070 1399 2133 inquirendam
1440 2074 1623 2122 nullam
1660 2077 1861 2125 omnino

491 2147 842 2210 cogitationem
864 2145 1115 2194 adhibent.

555 2227 601 2269 6.
640 2221 861 2285 Cognitis
885 2221 1036 2284 igitur
1053 2222 1409 2272 universalibus
1429 2233 1480 2272 et
1498 2241 1668 2274 eorum
1686 2228 1860 2286 causis,

492 2297 622 2360 (quae
661 2304 775 2344 sunt
811 2297 1105 2360 cognitionis
1147 2302 1219 2344 τοῦ
1255 2298 1359 2345 διότι
1398 2300 1641 2363 principia
1679 2302 1857 2365 prima)

485 2373 719 2420 habemus
737 2371 895 2434 primo
912 2387 1080 2419 eorum
1101 2372 1408 2421 definitiones
1437 2374 1566 2438 (quae
1584 2376 1706 2424 nihil
1729 2377 1862 2425 aliud

485 2456 599 2496 sunt
656 2463 801 2510 quam
857 2454 1185 2509 conceptuum
1235 2456 1517 2497 nostrorum
1563 2449 1860 2514 simplicissi-

484 2539 676 2570 morum
717 2521 1087 2584 explicationes)
1136 2538 1251 2569 nam
1297 2523 1380 2586 qui
1426 2523 1584 2572 locum
1631 2526 1859 2590 (exempli

486 2598 652 2660 causa)
680 2604 814 2645 recte
835 2596 1065 2659 concipit,
1100 2597 1435 2646 definitionem
1457 2599 1599 2659 hanc,
1624 2601 1759 2648 locus
1783 2609 1858 2649 est
1926 2602 1928 2606 ’

486 2674 697 2735 spatium
738 2671 870 2735 quod
910 2688 939 2718 3
984 2688 1187 2734 corpore
1224 2672 1479 2735 adaequate
1516 2675 1747 2738 impletur
1781 2676 1857 2723 vel

484 2755 767 2809 occupatur,
813 2746 1039 2809 ignorare
1079 2762 1179 2793 non
1224 2754 1418 2809 potest3
1455 2743 1521 2796 ”et
1562 2749 1646 2812 qui
1678 2756 1855 2796 motum

483 2822 712 2884 concipit,
750 2820 938 2868 nescire
973 2836 1073 2868 non
1109 2828 1273 2882 potest
1311 2821 1443 2883 quod
1474 2831 1636 2871 motus
1660 2830 1735 2871 est
1757 2823 1853 2870 loci
