1936 3262
262 396 376 429 PARS
394 398 441 429 11.

333 441 364 474 7.

259 560 465 602 Componere.

245 2051 370 2083 Totum.

484 273 544 315 86
874 283 1246 317 PHILOSOPHIA
1274 285 1464 318 PRIMA.

487 399 538 439 et
561 392 782 440 similiter
806 394 865 441 de
889 395 1079 442 caeteris
1103 396 1345 451 numeris;
1382 395 1516 459 quod
1545 395 1675 444 idem
1707 403 1782 444 est
1803 412 1861 444 ac

485 467 526 514 si
551 467 821 516 diceremus
846 486 1076 517 numerus
1101 479 1176 517 est
1199 471 1428 518 unitates.

551 547 596 589 8.
638 542 938 607 Componere
961 545 1172 606 spatium
1196 561 1255 592 ex
1280 546 1465 608 spatiis,
1484 545 1562 593 vel
1585 553 1778 609 tempus
1801 562 1861 593 ex

483 618 800 681 temporibus,
849 627 923 666 est
962 619 1120 681 primo
1157 637 1309 667 unum
1345 629 1458 683 post
1499 620 1646 679 aliud,
1684 619 1862 669 deinde
1901 614 1914 662 f?

484 694 646 740 omnia
687 693 844 752 simul,
886 704 943 741 ut
982 709 1150 750 unum,
1193 695 1532 750 considerare;
1576 703 1633 743 ut
1674 695 1716 743 si
1752 696 1861 759 quis

482 776 708 815 numeret
751 769 909 831 primo
963 769 1165 816 seorsim
1215 779 1377 833 caput,
1432 771 1598 834 pedes,
1642 770 1859 830 brachia,
1910 799 1916 834 1:

481 843 695 900 bustum,
743 843 918 890 deinde
963 860 1053 906 pro
1101 845 1325 892 omnibus
1373 845 1516 893 simul
1553 845 1604 892 in
1644 845 1861 894 rationes
1907 846 1910 847 ⁷

481 925 634 980 ponat
668 918 931 965 hominem.
1019 919 1167 967 Quod
1202 927 1366 967 autem
1407 936 1498 983 pro
1540 919 1765 968 omnibus
1801 935 1860 967 ex
1906 918 1921 985 ζ’Ἰ

483 993 660 1056 quibus
686 1001 895 1050 constat,
920 994 990 1040 sic
1012 994 1229 1056 ponitur,
1250 1002 1455 1042 vocatur
1491 1001 1658 1052 totum,
1694 1002 1745 1042 et
1778 994 1862 1042 illa
1904 987 1918 1026 j

482 1067 688 1131 singula,
714 1067 909 1130 quando
934 1084 994 1115 ex
1018 1068 1170 1115 totius
1190 1068 1426 1116 divisione
1460 1084 1629 1116 rursus
1657 1069 1861 1116 seorsim

482 1142 869 1201 considerantur,
907 1151 1071 1205 partes
1104 1144 1206 1206 ejus
1228 1151 1357 1191 sunt.
1427 1144 1604 1207 Itaque
1636 1150 1787 1191 totum
1810 1151 1860 1191 et
1882 1145 1923 1191 5³

481 1233 642 1264 omnes
655 1224 857 1281 partes,
891 1217 1034 1264 simul
1067 1226 1287 1280 sumptae,
1326 1218 1455 1266 idem
1485 1218 1685 1266 omnino
1709 1227 1857 1274 sunt;
1911 1222 1920 1280 j

479 1299 536 1338 ut
561 1299 725 1339 autem
747 1292 799 1339 in
824 1292 1061 1339 divisione
1084 1292 1361 1340 monuimus
1385 1309 1486 1340 non
1510 1308 1632 1356 opus
1657 1308 1779 1351 esse,
1802 1301 1860 1341 ut

478 1374 643 1428 partes
668 1366 976 1425 divellantur,
1015 1367 1085 1414 ita
1117 1366 1168 1414 in
1192 1367 1546 1430 compositione
1581 1367 1858 1431 intelligen-

480 1442 592 1489 dum
619 1450 708 1500 est,
732 1459 834 1490 non
857 1458 1056 1490 necesse
1080 1458 1185 1490 esse
1204 1442 1267 1491 ad
1289 1442 1568 1490 faciendum
1590 1449 1767 1502 totum,
1802 1451 1859 1491 ut

477 1525 642 1580 partes
667 1517 759 1564 sibi
781 1517 990 1564 invicem
1015 1517 1384 1577 admoveantur,
1401 1525 1451 1565 et
1474 1533 1526 1565 se
1545 1525 1717 1566 mutuo
1741 1534 1859 1566 con-
1914 1535 1918 1575 j

477 1592 687 1655 tingant,
727 1592 812 1640 sed
850 1600 907 1640 ut
941 1600 1106 1639 mente
1139 1600 1333 1640 tantum
1374 1593 1425 1640 in
1447 1608 1598 1640 unam
1621 1608 1857 1640 summam

478 1669 785 1731 colligantur.
865 1668 993 1715 Sunt
1041 1668 1170 1715 enim
1216 1683 1384 1715 omnes
1426 1668 1666 1727 homines,
1715 1668 1858 1716 simul
1904 1683 1920 1733 ζ·

478 1744 789 1799 considerati,
808 1751 970 1791 totum
992 1759 1148 1806 genus
1180 1743 1447 1790 humanum
1480 1743 1572 1790 etsi
1596 1751 1646 1790 et
1668 1750 1858 1806 tempo·
1919 1747 1923 1751 '

476 1818 610 1865 ribus
654 1826 704 1865 et
743 1818 864 1865 locis
911 1818 1116 1880 dispersi
1153 1817 1283 1872 sint3
1323 1825 1373 1864 et
1419 1817 1677 1865 duodecim
1720 1817 1856 1866 horae
1905 1823 1907 1827 ‘

477 1903 838 1959 componuntur
855 1896 907 1942 in
926 1912 1079 1942 unum
1102 1911 1359 1943 numerum
1375 1894 1744 1954 duodenarium,
1763 1895 1856 1943 etsi
1915 1928 1919 1935 -

476 1970 575 2018 sint
599 1971 902 2018 diversorum
926 1970 1114 2016 dierum
1136 1969 1286 2017 horae.

540 2051 588 2092 9.
626 2045 718 2093 His
755 2044 1019 2092 intellectis
1056 2044 1370 2092 manifestum
1409 2052 1500 2103 est,
1537 2051 1699 2092 totum
1732 2044 1855 2092 nihil

474 2128 610 2168 recte
632 2120 882 2184 appellari,
908 2119 1042 2183 quod
1073 2136 1174 2166 non
1198 2119 1502 2182 intelligatur
1537 2135 1598 2166 ex
1631 2119 1853 2182 partibus
1883 2174 1886 2177 ,

475 2196 718 2259 componi,
735 2203 785 2243 et
809 2196 861 2242 in
883 2202 1048 2258 partes
1069 2194 1220 2241 dividi
1242 2210 1385 2257 posse
1405 2215 1416 2248 ;
1453 2194 1661 2257 ideoque
1676 2194 1717 2242 si
1736 2194 1854 2257 quid

473 2270 813 2333 negaverimus
838 2269 989 2317 dividi
1012 2284 1170 2331 posse,
1196 2276 1246 2315 et
1277 2269 1457 2315 habere
1480 2276 1661 2331 partes,
1703 2284 1852 2332 nega-

474 2362 581 2393 mus
605 2346 736 2393 idem
760 2361 864 2392 esse
888 2353 1081 2398 totum3
1119 2343 1327 2406 exempli
1363 2343 1538 2406 gratia,
1572 2344 1613 2391 si
1639 2344 1852 2391 animam
1911 2337 1914 2339 Α

473 2436 707 2484 negamus
747 2420 927 2467 habere
973 2434 1117 2481 posse
1161 2426 1342 2481 partes,
1384 2434 1619 2482 negamus
1656 2435 1851 2482 quoque

473 2495 685 2543 animam
709 2495 858 2542 ullam
882 2509 986 2542 esse
1010 2500 1181 2541 totam.
1251 2493 1569 2540 Manifestum
1604 2493 1752 2541 etiam
1775 2501 1850 2541 est

471 2571 594 2618 nihil
617 2571 798 2618 habere
820 2577 1011 2632 partem
1049 2576 1313 2630 antequam
1351 2568 1613 2626 dividatur,
1650 2575 1701 2616 et
1737 2585 1849 2616 cum

473 2646 628 2693 divisa
652 2637 731 2702 sit,
754 2652 831 2693 tot
855 2643 1158 2692 solummodo
1184 2644 1287 2705 ejus
1311 2651 1476 2705 partes
1509 2659 1630 2702 esse,
1655 2644 1847 2707 quoties

473 2722 536 2768 sit
551 2721 758 2768 divisum
779 2741 790 2775 3
815 2720 935 2767 item
947 2726 1138 2782 partem
1153 2718 1323 2781 partiS,
1341 2734 1445 2766 esse
1462 2726 1652 2781 partem
1670 2719 1844 2772 totius;
1872 2767 1874 2769 ,

470 2812 585 2842 nam
620 2804 669 2843 et
702 2811 814 2859 pars
854 2793 1151 2857 quaternarii
1186 2801 1307 2856 puta
1342 2794 1574 2852 binarius,
1616 2809 1728 2856 pars
1770 2800 1846 2840 est

472 2871 725 2918 octonarii.
776 2871 904 2918 Nam
925 2868 1262 2932 quaternarius
1278 2884 1337 2916 ex
1351 2868 1557 2927 binario,
1574 2876 1623 2916 et
1637 2869 1842 2926 binario,
1888 2872 1890 2874 ’
