1936 3262
343 261 461 301 xxxii
724 276 836 303 vl'rAE
864 276 1106 304 HonmANAE
1130 278 1409 307 AUCTARIUM.

345 383 538 426 Marinus
561 384 813 428 Mersennus
847 386 1078 437 Minimus3
1111 386 1175 429 Jo.
1210 387 1392 444 Adolph.
1415 387 1598 440 Tassius,
1625 387 1786 432 mathe-

341 475 515 517 maticus
557 476 915 534 Hamburgensis3
965 477 1030 519 Jo.
1071 477 1181 520 Lud.
1225 478 1473 535 Wolzogen,
1526 478 1633 521 liber
1673 478 1784 522 Baro

343 566 601 616 Austriacus,
639 566 810 609 S.R.M.
835 566 1022 609 Poloniae
1043 576 1084 608 et
1109 567 1269 610 Sueciae
1305 568 1478 610 Aulicus
1510 567 1784 620 cubicularia

346 656 532 698 Renatus
573 656 660 699 Des
701 658 877 708 Cartes3
931 657 1227 699 Bonaventura
1268 657 1536 709 Cavalierius,
1580 658 1784 702 Bononiae

340 747 649 790 mathematices
680 747 885 805 professor
920 747 1133 804 publicus3
1165 747 1317 804 quibus
1348 758 1490 804 postea
1523 758 1785 792 accesserunt

340 837 542 880 Claudius
560 838 822 896 Mydorgius,
838 838 1035 895 patricius
1059 838 1270 880 Parisinus
1291 848 1333 880 et
1349 838 1553 881 Picardiae
1575 851 1781 896 quaestor3

337 937 379 969 et
399 928 578 970 Jacobus
601 928 761 979 Golius,
784 929 1084 970 mathematum
1116 937 1158 970 et
1184 928 1341 984 linguae
1369 929 1564 971 Arabicae
1594 929 1637 970 in
1671 929 1783 972 Aca-

336 1017 474 1059 demia
496 1018 890 1074 Lugduno-Batava
909 1017 1114 1074 professor
1129 1017 1410 1073 peritissimus.
1463 1018 1531 1060 De
1551 1019 1782 1062 Hobbiano

334 1117 475 1149 autem
520 1108 734 1150 ratiocinio
775 1124 828 1150 ne
866 1123 942 1164 pro
981 1108 1132 1150 affectu
1170 1108 1330 1164 aliquid
1382 1108 1603 1152 immodica
1655 1109 1780 1152 laude

334 1197 482 1239 efferre
502 1198 655 1248 videar,
685 1199 761 1240 hoc
800 1199 933 1240 solum
972 1199 1151 1255 adjicere
1189 1198 1304 1248 libet,
1347 1198 1451 1240 illud
1489 1210 1562 1241 aut
1598 1199 1780 1257 eleganti

333 1289 547 1339 brevitate,
570 1298 642 1330 aut
657 1289 838 1330 evidenti
851 1289 1143 1345 perspicuitate
1155 1298 1402 1331 caeterorum
1418 1289 1523 1331 nulli
1537 1291 1777 1334 concedere.

391 1380 617 1422 Grassante
652 1380 818 1422 interim
852 1395 927 1436 per
962 1379 1159 1436 Angliam
1189 1379 1299 1421 civili
1319 1380 1442 1430 bello,
1474 1380 1670 1424 Hobbius
1701 1396 1778 1438 pro

331 1485 492 1511 summo
513 1471 555 1510 in
577 1470 753 1526 patriam
774 1485 926 1520 amore,
950 1470 1062 1527 quod
1082 1471 1241 1512 bonum
1268 1471 1400 1511 civem
1420 1480 1462 1512 et
1483 1470 1650 1513 fidelem
1679 1471 1778 1514 sub-

333 1559 468 1600 ditum
499 1560 680 1601 maxime
700 1559 852 1609 decuit,
884 1558 1102 1615 populares
1133 1574 1227 1601 suos
1259 1560 1490 1602 sanioribus
1520 1575 1648 1617 quam
1679 1575 1776 1618 quae

332 1650 531 1691 hactenus
547 1649 816 1691 obtinuerant
828 1649 1040 1705 principiis
1053 1649 1254 1699 imbuere,
1269 1650 1536 1692 exacerbatos
1557 1650 1698 1692 homin
1705 1666 1777 1693 um

331 1739 491 1780 animos
512 1738 566 1779 ad
586 1738 697 1795 pacis
717 1748 759 1780 et
778 1739 1011 1781 concordiae
1032 1739 1211 1781 rationes
1232 1754 1436 1790 revocare,
1469 1749 1511 1782 et
1538 1740 1581 1781 in
1601 1756 1775 1784 summae

331 1829 542 1885 potestatis
563 1829 809 1886 obsequium
824 1829 1070 1871 addictiores
1091 1839 1301 1886 praestare,
1315 1831 1484 1872 annisus
1496 1840 1569 1872 est.
1630 1830 1775 1880 Quare

330 1922 500 1978 reliquis
526 1921 771 1978 posthabitis
806 1921 964 1971 studiis,
1003 1931 1208 1978 quantum
1242 1921 1317 1978 ipsi
1350 1922 1546 1979 suppetiit
1577 1923 1775 1980 temporis

330 2012 509 2068 politicae
544 2011 727 2053 scientiae
760 2011 1016 2067 impendens,
1053 2011 1207 2054 librum
1236 2015 1304 2054 De
1339 2014 1438 2057 Cive
1475 2013 1611 2069 (cujus
1639 2028 1772 2070 pauca

329 2102 535 2144 duntaxat
566 2101 819 2158 exemplaria
852 2101 1018 2144 Parisiis
1062 2105 1170 2144 1642
1210 2102 1492 2159 evulgaverat)
1535 2103 1687 2154 revisit,
1728 2113 1771 2146 et

328 2193 436 2234 notis
472 2191 642 2233 utilibus
675 2190 871 2243 adauxit3
904 2192 945 2232 in
981 2207 1063 2248 quo
1097 2192 1357 2234 subditorum
1386 2202 1531 2235 contra
1560 2208 1771 2235 summum

327 2282 619 2338 imperatorem
654 2281 961 2337 conjurationes
996 2282 1339 2339 rebellionesque,
1376 2292 1418 2324 et
1448 2283 1650 2326 immanes
1681 2283 1772 2326 illas

324 2373 376 2414 de
396 2373 583 2429 principe
605 2373 741 2430 regnis
773 2373 938 2430 vitaque
972 2374 1164 2415 exuendo
1199 2374 1413 2430 opiniones
1449 2375 1614 2431 penitus
1651 2375 1768 2418 dam—

325 2464 463 2505 navit:
514 2463 707 2520 potestati
745 2463 854 2505 civili
896 2464 994 2519 jura
1032 2464 1086 2506 ab
1125 2464 1405 2506 ecclesiasticis
1445 2465 1767 2522 caliginosorum

325 2563 558 2609 temporum
579 2554 781 2596 beneficio
812 2563 1020 2610 praerepta
1055 2555 1245 2605 restituit,
1279 2564 1321 2596 et
1340 2554 1474 2596 diram
1495 2556 1765 2598 sectariorum

324 2643 512 2698 hydram,
559 2643 758 2686 effrenem
797 2659 946 2700 nempe
985 2644 1247 2686 conscientiae
1295 2644 1546 2696 libertatem,
1597 2645 1765 2688 heroico

324 2747 426 2774 ausu
447 2733 696 2788 perdomuit.

381 2822 543 2865 Eodem
572 2839 695 2875 anno,
727 2824 894 2866 fortuna
922 2824 1020 2866 belli
1041 2825 1164 2882 regiis
1184 2825 1372 2881 partibus
1392 2825 1564 2876 infensa,
1587 2839 1764 2882 magnus

321 2913 618 2957 honoratorum
639 2915 810 2958 exulum
831 2930 1027 2958 numerus
1063 2915 1241 2957 Parisios
1273 2915 1543 2967 confluxerat,
1568 2915 1764 2972 interque
