1936 3262
499 233 562 275 30
811 243 1164 277 COMPUTATIO
1193 244 1318 278 sivE
1345 243 1560 277 Loch.

268 379 382 411 PARS
408 380 435 411 1.
498 360 602 407 sine
638 360 714 408 his
748 361 1048 419 ratiocinari,
1082 361 1134 409 id
1165 369 1255 421 est,
1291 369 1576 425 computare
1612 377 1876 427 corporum
1904 375 1909 388 ⁵

255 424 441 492 „jn-2
495 435 820 498 proprietates
838 436 1124 499 plerumque
1148 453 1248 484 non
1271 453 1529 500 possumus
1550 458 1562 492 ;
1610 453 1723 486 cum
1746 440 1877 490 enim

497 511 726 569 colorem,
741 511 917 570 lucem,
932 512 1260 571 velocitatem,
1276 512 1618 576 multiplicare,
1641 512 1874 576 dividere,

496 586 690 644 addere,
732 587 809 634 vel
845 586 1060 635 adimere
1098 588 1362 642 vellemus;
1418 588 1459 635 si
1499 587 1872 651 duplicaremus,

494 661 572 709 vel
606 661 894 709 adderemus
930 679 990 710 ea
1021 678 1110 725 per
1144 663 1344 711 nomina
1378 671 1624 722 concreta,
1663 663 1899 713 dicendo*

499 735 656 797 (verbi
669 736 850 799 gratia)
864 737 1076 784 calidum
1091 738 1251 796 calidi,
1265 737 1483 785 lucidum
1496 737 1663 796 lucidi,
1683 746 1873 795 motum
1899 801 1902 803 Α

494 811 616 858 moti
640 811 841 874 duplum
870 827 990 870 esse,
1015 828 1116 859 non
1147 812 1473 875 proprietates
1498 812 1873 875 duplicaremus‚
1910 827 1912 830 ·

494 885 581 932 sed
598 886 704 948 ipsa
723 902 930 949 corpora
948 886 1120 945 calida,
1140 886 1317 945 lucida,
1341 894 1491 945 mota,
1513 888 1596 934 διο.
1619 887 1752 950 quod
1772 904 1874 936 non
1894 900 1903 907 ”

492 961 790 1009 volebamus.
861 962 1057 1009 Abusus
1089 969 1253 1009 autem
1289 962 1341 1009 in
1369 978 1428 1010 eo
1466 962 1709 1022 consistit,
1743 963 1878 1026 quod

495 1052 607 1083 cum
646 1036 846 1084 videant
883 1037 1033 1099 aliqui
1073 1037 1373 1085 considerari
1406 1053 1566 1100 posse,
1605 1037 1658 1085 id
1694 1045 1786 1094 est,
1817 1045 1877 1087 ut

495 1111 705 1159 diximus
739 1112 946 1159 inferri
934 1129 986 1160 111
1009 1113 1224 1160 rationes
1261 1112 1567 1179 quantitatis,
1603 1113 1797 1173 caloris,
1825 1092 1923 1189 egi}

495 1187 702 1234 aliorum
747 1187 1076 1234 accidentium
1121 1188 1426 1235 incrementa
1465 1195 1516 1235 et
1561 1187 1912 1246 decrementa
1905 1191 1922 1235 '³

496 1261 600 1308 sine
647 1261 1039 1309 consideratione
1086 1278 1348 1325 corporum
1394 1262 1496 1310 sive
1542 1250 1923 1327 subjectorum]
1923 1270 1925 1275 ⁴

495 1352 709 1394 suorum,
735 1336 806 1398 (id
836 1337 968 1399 quod
1000 1337 1276 1400 appellatur
1296 1336 1592 1384 abstrahere
1616 1337 1717 1386 sive
1741 1354 1874 1387 seor-
1887 1330 1925 1403 ·;’

496 1412 587 1459 sim
627 1412 687 1459 ab
724 1412 819 1459 illis
859 1412 1089 1474 existere)
1129 1412 1398 1475 loquuntur
1440 1412 1500 1459 de
1538 1412 1897 1461 accidentibus
1895 1373 1925 1478 ΤΞ

495 1494 729 1549 tanquam
751 1495 954 1549 possent
973 1488 1034 1534 ab
1059 1487 1194 1535 omni
1217 1502 1423 1550 corpore
1447 1487 1677 1550 separari.
1742 1487 1875 1541 Hinc
1909 1482 1926 1557 Ξ

495 1561 626 1608 enim
640 1561 881 1624 originem
888 1561 1092 1609 trahunt
1107 1561 1414 1624 quorundam
1429 1562 1876 1626 metaphysicorum
1907 1555 1925 1630 J}

495 1636 646 1684 crassi
670 1652 859 1684 errores
879 1657 891 1692 ;
927 1653 1041 1684 nam
1066 1653 1127 1684 ex
1150 1653 1207 1684 eo
1233 1637 1366 1699 quod
1385 1637 1686 1685 considerari
1708 1644 1876 1700 potest
1904 1614 1925 1695 f

495 1712 731 1775 cogitatio
769 1712 873 1759 sine
904 1712 1296 1759 consideratione
1322 1712 1557 1775 corporis,
1581 1712 1764 1760 inferre
1787 1728 1874 1760 vo-
1904 1696 1927 1778 ἦ

493 1786 619 1844 lunt,
652 1803 753 1834 non
784 1803 889 1834 esse
922 1803 1043 1850 opus
1070 1787 1288 1850 corporis
1313 1787 1610 1850 cogitantis3
1658 1794 1709 1835 et
1732 1803 1791 1835 ex
1815 1804 1874 1836 eo
1904 1805 1925 1828 τ

496 1862 628 1924 quod
653 1862 900 1925 quantitas
919 1862 1220 1910 considerari
1236 1870 1417 1925 potest,
1436 1878 1537 1910 non
1561 1862 1873 1911 considerato

495 1953 716 2000 corpore,
770 1937 978 1984 existere
1014 1937 1162 1984 etiam
1195 1944 1373 1999 putant
1409 1936 1734 1999 quantitatem
1769 1938 1874 1985 sine

496 2028 718 2075 corpore,
743 2019 793 2059 et
818 2027 995 2075 corpus
1016 2012 1119 2059 sine
1140 2012 1431 2074 quantitate,
1450 2011 1522 2059 ita
1543 2019 1600 2059 ut
1619 2011 1789 2060 addita
1811 2012 1874 2060 ad
1908 2012 1923 2062 ⁷}

496 2102 672 2150 corpus
707 2087 981 2150 quantitate
1005 2094 1110 2134 tum
1135 2087 1330 2134 demum
1352 2087 1439 2134 fiat
1463 2093 1714 2149 quantum.
1795 2087 1873 2135 Ab
1915 2098 1927 2138 ἦ*

496 2162 668 2210 eodem
704 2163 842 2210 fonte
868 2170 1141 2210 nascuntur
1171 2162 1267 2209 illae
1290 2177 1436 2209 voces
1467 2161 1872 2225 insignificantes‚

495 2237 784 2285 snbstantiae
814 2237 1098 2293 abstraetoe,
1130 2236 1347 2284 essentia
1383 2243 1642 2300 separata,
1683 2237 1874 2300 aliaque
1900 2252 1936 2314 5315

496 2312 685 2359 similia.
755 2312 918 2359 Etiam
942 2311 1164 2359 confusio
1199 2311 1283 2358 illa
1315 2326 1491 2358 vocum
1524 2327 1554 2358 a
1593 2311 1745 2359 verbo
1770 2311 1873 2358 Est
1907 2315 1936 2351 ’ἑῑ

496 2387 840 2445 derivatarum,
891 2394 948 2433 ut
993 2386 1228 2442 essentia,
1268 2384 1628 2442 essentialitas,
1669 2386 1872 2442 entitas,
1935 2377 1936 2380 Τ

495 2461 821 2517 entitativam,
856 2467 906 2507 et
940 2460 1171 2517 realitas,
1206 2459 1560 2523 aliquidditas‚
1593 2460 1870 2524 quidditas,
1935 2472 1936 2483 ¹

440 2565 445 2571 ·
495 2553 604 2599 quae
623 2536 754 2600 apud
775 2544 948 2599 gentes
969 2536 1144 2598 quibus
1169 2534 1414 2597 copulatio
1438 2551 1540 2582 non
1565 2535 1629 2583 sit
1650 2551 1740 2598 per
1761 2551 1870 2584 ver·
1902 2526 1918 2588 s

493 2612 610 2659 bum
642 2617 733 2670 est,
763 2610 849 2658 sed
870 2626 958 2673 per
981 2610 1130 2657 verba
1159 2609 1403 2671 adjectiva
1424 2617 1482 2656 ut
1505 2609 1683 2668 currit,
1725 2609 1870 2673 legit,

494 2686 583 2746 ᾇτ’.
608 2686 686 2734 vel
708 2702 796 2749 per
819 2701 1002 2733 meram
1030 2685 1284 2732 nominum
1313 2684 1685 2732 collocationem
1707 2683 1866 2732 audiri
1905 2699 1907 2702 ’

492 2778 592 2809 non
627 2762 918 2824 potuissent,
953 2760 1126 2822 quibus
1157 2767 1322 2807 tamen
1352 2760 1596 2822 gentibus,
1630 2775 1740 2807 cum
1762 2759 1893 2822 phi-¹

492 2836 741 2898 losophari
763 2844 821 2883 ut
850 2842 1040 2883 caeterae
1062 2842 1283 2897 possunt,
1307 2850 1408 2881 non
1441 2842 1554 2882 sunt
1581 2833 1868 2881 necessariae
