1936 3262
237 339 354 415 ΡΑΒὲῗ
367 341 436 375 111.

214 795 391 836 Propositio
408 798 439 829 6.

474 217 571 261 250
806 229 875 262 DE
903 228 1243 263 RA'noNlBUs
1271 229 1528 264 Mo'rUUM.

473 337 567 384 erit
601 344 657 385 ut
692 337 733 385 T
748 338 788 385 Β
825 338 889 386 ad
922 338 1119 401 duplam
1153 338 1208 386 M
1224 339 1264 386 B
1295 339 1395 387 sive
1427 339 1634 397 radium,
1657 339 1728 388 ita
1745 339 1844 391 ΤΟ

472 412 636 460 radius
659 412 722 460 ad
745 413 942 476 duplam
972 413 1088 469 RQ,
1123 413 1175 460 id
1207 421 1297 472 est,
1321 413 1384 461 ad
1419 413 1460 461 B
1476 414 1535 461 R.
1602 413 1692 461 Est
1724 429 1842 479 ergo

474 487 638 535 radius
655 488 752 537 ΤΟ
774 488 935 536 media
955 488 1333 551 proportionalis
1357 488 1486 536 inter
1505 503 1672 536 arcum
1691 489 1845 551 quad·v
1890 502 1893 504 ·

473 562 626 610 rantis
651 571 700 610 et
736 563 775 609 B
792 563 850 618 R,
886 570 936 610 et
959 562 1164 625 proinde
1201 563 1240 610 B
1258 563 1317 622 R,
1351 563 1395 610 D
1412 563 1459 610 H
1482 571 1596 610 sunt
1618 563 1842 627 aequales,
1882 566 1884 568 ’

473 644 524 685 et
558 638 602 685 D
619 638 667 685 H
694 638 892 701 aequalis
917 637 1105 686 duabus
1131 638 1315 701 quintis
1338 654 1480 685 arcus
1510 637 1625 685 BD.
1696 638 1842 688 Quod

473 719 579 760 erat
606 712 1055 761 demonstrandum.

538 787 870 835 PROPosr'rlo
896 787 1372 836 VL—Manifestum
1398 795 1472 835 est
1495 803 1556 835 ex
1585 786 1732 836 modo
1756 787 1840 836 de-

470 863 768 920 monstratis,
800 879 896 926 quo
931 870 1077 926 pacto
1102 863 1230 911 datae
1265 870 1413 911 rectae
1442 878 1584 910 arcus
1622 861 1839 926 aequalis,

471 946 521 986 et
545 938 659 986 dato
679 939 814 986 arcui
836 946 972 986 recta
995 938 1194 1002 aequalis
1217 938 1425 986 inveniri
1446 945 1612 1000 potest
1632 957 1645 992 ;
1681 945 1732 986 et
1753 953 1842 1001 per

470 1029 788 1076 consequens,
814 1014 1058 1076 quomodo
1091 1029 1232 1061 arcus
1258 1013 1400 1060 datus
1432 1013 1483 1060 in
1513 1012 1702 1060 ratione
1726 1011 1842 1062 data

468 1095 632 1150 potest
666 1088 830 1136 dividi.
900 1089 1028 1136 Nam
1051 1105 1081 1136 a
1113 1095 1297 1151 puncto
1323 1089 1378 1146 Β,
1404 1095 1598 1150 sumpta
1620 1094 1757 1136 recta
1788 1088 1840 1136 in

470 1163 565 1210 BC
594 1179 692 1210 non
722 1164 904 1226 majore
936 1179 1081 1226 quam
1111 1163 1312 1210 dimidia
1341 1163 1381 1209 B
1401 1163 1450 1221 F,
1490 1163 1531 1210 si
1562 1178 1593 1210 a
1629 1162 1839 1210 termino

467 1239 571 1300 ejus
595 1238 802 1286 ducatur
823 1238 952 1285 linea
974 1247 1110 1286 recta
1129 1238 1192 1286 ad
1208 1238 1272 1295 X,
1293 1238 1376 1285 illa
1398 1237 1653 1285 abscindet
1686 1253 1716 1285 a
1746 1238 1786 1285 B
1800 1238 1841 1286 L

466 1320 655 1375 partem
692 1313 794 1376 ejus
830 1320 978 1360 rectae
1003 1330 1112 1376 quae
1147 1314 1355 1361 sumitur
1377 1313 1429 1360 in
1465 1313 1505 1360 B
1523 1312 1560 1359 C
1586 1313 1837 1375 aequalem.
1892 1334 1902 1342 =

467 1388 592 1435 Item
629 1404 659 1435 a
692 1395 877 1450 puncto
917 1388 972 1446 Β,
1013 1388 1054 1435 si
1087 1388 1139 1435 in
1172 1404 1291 1435 arcu
1326 1389 1421 1435 BL
1454 1395 1675 1435 sumatur
1697 1403 1838 1436 arcus

465 1463 655 1526 aliquis,
691 1470 742 1510 et
765 1479 852 1526 per
874 1464 1139 1511 terminum
1162 1465 1265 1526 ejus
1305 1463 1513 1511 ducatur
1545 1470 1682 1510 recta
1705 1462 1766 1510 ab
1789 1463 1837 1511 X

467 1545 517 1585 et
539 1538 838 1601 producatur
861 1538 924 1585 ad
958 1538 1085 1585 latus
1117 1538 1154 1584 Β
1174 1538 1227 1596 C,
1265 1538 1348 1603 illa
1371 1536 1625 1584 abscindet
1656 1537 1708 1584 in
1743 1537 1839 1585 BC
1892 1608 1898 1610 ὴ
1935 1590 1936 1604 ¹

465 1620 651 1661 rectam
690 1613 825 1660 arcui
866 1613 935 1660 illi
977 1613 1211 1675 aequalem
1232 1633 1242 1667 ;
1296 1613 1348 1660 id
1389 1612 1536 1676 quod,
1575 1612 1838 1660 bisecando

465 1704 633 1735 arcum
668 1696 718 1735 et
747 1688 906 1735 sinum
937 1688 1230 1750 bisegmenti
1258 1689 1492 1751 cujusque
1528 1686 1836 1750 duplicando,

466 1763 635 1811 eadem
657 1763 906 1821 methodo,
926 1779 1022 1825 qua
1046 1771 1152 1811 tota
1176 1764 1215 1810 Β
1234 1764 1269 1809 F
1295 1771 1491 1810 ostensa
1510 1770 1584 1810 est
1616 1778 1720 1810 esse
1743 1761 1837 1810 toti

464 1839 599 1886 arcui
635 1838 674 1885 Β
692 1838 730 1885 C
765 1838 980 1900 aequalis,
1019 1838 1212 1885 ostendi
1246 1846 1424 1901 potest.
1496 1837 1661 1886 Quare
1695 1852 1837 1885 arcus

463 1929 563 1961 non
587 1914 742 1976 major
779 1929 925 1974 quam
960 1913 1000 1959 B
1018 1913 1057 1959 L
1087 1912 1236 1960 dividi
1264 1920 1444 1975 potest,
1476 1928 1533 1959 eo
1567 1912 1713 1960 modo
1740 1927 1836 1975 quo

465 1988 689 2046 diximus,
726 1987 778 2034 in
813 1987 1004 2034 ratione
1042 1987 1171 2034 data.
1242 1987 1389 2035 Quod
1425 1987 1466 2034 si
1502 2003 1643 2035 arcus
1682 1988 1839 2050 major

464 2063 528 2110 sit
553 2078 697 2125 quam
720 2078 860 2109 arcus
884 2067 946 2109 45
971 2062 1227 2125 graduum,
1259 2062 1443 2125 poterit
1467 2069 1631 2109 tamen
1667 2061 1837 2109 eadem

463 2137 694 2186 methodo
711 2137 863 2185 dividi
876 2153 988 2200 pars
1006 2138 1108 2200 ejus
1124 2137 1355 2200 aliquota,
1365 2137 1415 2184 in
1431 2137 1622 2184 ratione
1640 2136 1769 2195 data,
1783 2135 1835 2184 id

465 2212 597 2275 quod
614 2211 904 2259 tantundem
920 2211 1064 2258 valet.
1134 2212 1341 2259 Inventa
1355 2219 1430 2258 est
1446 2227 1562 2275 ergo
1577 2210 1834 2259 methodus

464 2286 713 2335 dividendi
727 2301 895 2333 arcum
907 2285 985 2333 vel
1003 2286 1235 2349 angulum
1251 2286 1419 2333 datum
1433 2286 1485 2334 in
1499 2286 1689 2333 ratione
1704 2285 1832 2333 data.

479 2410 824 2458 MAGNITUDO
849 2424 1025 2458 Ancus
1053 2410 1140 2457 BD
1164 2424 1364 2458 ALITER
1389 2425 1809 2459 DEMoNs'rRATA.

528 2510 681 2557 Recta
704 2509 968 2572 composita
990 2526 1019 2556 a
1040 2508 1174 2557 radio
1199 2510 1366 2558 circuli
1384 2518 1433 2559 et
1449 2518 1680 2574 tangente
1694 2528 1832 2560 arcus

462 2590 524 2633 30
569 2584 823 2647 graduum,
860 2592 932 2631 est
968 2584 1164 2646 aequalis
1202 2592 1387 2647 quartae
1422 2587 1550 2648 parti
1583 2586 1831 2649 perimetri

460 2659 676 2722 ejusdem
721 2658 903 2706 circuli.
980 2659 1052 2706 Sit
1097 2659 1142 2706 A
1158 2659 1197 2706 B
1214 2660 1252 2707 C
1267 2661 1311 2707 D
1358 2661 1644 2723 quadratum
1663 2682 1676 2716 ;
1723 2662 1768 2709 A
1791 2662 1829 2709 C

460 2734 753 2796 diagonalis3
789 2749 929 2780 arcus
958 2734 998 2780 B
1016 2734 1056 2780 L
1070 2734 1114 2781 D
1147 2734 1402 2796 quadrans,
1427 2742 1585 2783 sectus
1607 2736 1827 2784 bifariam

459 2809 509 2856 in
534 2809 587 2856 L.
657 2809 765 2857 Sint
787 2809 939 2865 latera
963 2809 1002 2856 B
1018 2809 1071 2867 C,
1097 2809 1141 2856 A
1155 2810 1199 2856 D
1225 2809 1377 2858 divisa
1393 2810 1614 2859 bifariam
1637 2811 1688 2859 in
1714 2811 1756 2860 Ο
1779 2817 1828 2858 et
