1936 3262
684 549 909 604 VITAE
973 550 1450 606 HOBBIANAE

869 756 1269 800 AUCTARIUM.

943 983 1198 996 ΙΙ

351 1203 486 1252 Quon
535 1203 755 1259 geometris
794 1217 871 1244 usu
910 1203 1036 1253 venit,
1086 1203 1196 1244 idem
1236 1204 1445 1259 objectum
1485 1219 1562 1260 pro
1602 1218 1648 1245 re
1687 1212 1786 1246 nata

350 1292 517 1333 mutatis
536 1290 739 1334 linearum
760 1293 1074 1349 quantitatibus,
1093 1294 1261 1335 servatis
1277 1302 1418 1335 autem
1434 1293 1785 1350 proportionibuS,

348 1382 439 1438 pari
472 1397 568 1424 cum
601 1382 774 1424 veritate
807 1383 1054 1434 describere,
1090 1383 1133 1426 id
1164 1383 1267 1424 mihi
1288 1384 1331 1425 in
1351 1384 1492 1426 animo
1523 1393 1610 1435 est3
1640 1399 1785 1428 eorum

349 1487 511 1529 nempe,
558 1488 652 1529 quae
690 1472 890 1529 superiori
929 1473 1080 1529 scripto
1119 1473 1321 1529 pressiore
1361 1473 1468 1530 stylo
1507 1473 1783 1525 delineantur,

350 1562 521 1619 vestigia
554 1562 738 1620 relegere
768 1573 811 1605 et
844 1563 1038 1606 solutiore
1072 1563 1143 1605 filo
1174 1573 1387 1614 retexere3
1417 1579 1502 1606 non
1522 1573 1570 1606 ut
1588 1565 1784 1608 cramben

350 1653 413 1695 bis
445 1662 603 1695 coctam
635 1646 845 1709 reponam,
879 1653 952 1695 sed
971 1669 1020 1696 ea
1041 1654 1202 1696 tradam
1236 1670 1331 1711 quae
1365 1664 1612 1712 argumento
1645 1655 1782 1698 lucem

351 1742 532 1799 aliquam
551 1742 699 1785 afferre
718 1743 887 1799 possint,
920 1753 993 1786 aut
1012 1743 1179 1800 majoris
1200 1744 1400 1786 momenti
1419 1744 1505 1786 visa
1524 1745 1619 1795 sint,
1655 1760 1783 1802 quam

354 1842 401 1874 ut
420 1833 618 1875 oblivioni
639 1833 871 1875 tradantur.

409 1923 593 1965 Thomas
616 1922 790 1965 Hobbes
810 1932 931 1965 natus
950 1932 1012 1965 est
1034 1922 1360 1974 Malmesburiae‚
1382 1924 1472 1981 agri
1498 1924 1787 1976 Wiltoniensis,

351 2013 472 2056 nonis
494 2013 664 2069 Aprilis,
686 2029 796 2055 anno
814 2029 839 2055 a
859 2023 983 2070 partu
1006 2014 1188 2071 Virginis
1208 2014 1425 2056 millesimo
1456 2015 1788 2072 quingentesimo

351 2103 629 2159 octuagesimo
649 2113 818 2154 octavo3
850 2105 967 2160 cujus
988 2114 1120 2146 mater
1141 2105 1343 2161 Hispanae
1376 2104 1512 2147 classis
1543 2116 1659 2148 metu
1693 2122 1788 2163 per-

353 2193 477 2243 culsa,
516 2209 611 2250 quae
646 2203 845 2251 tanquam
878 2195 1082 2251 portubus
1101 2195 1251 2237 nostris
1271 2195 1491 2238 imminens
1510 2195 1620 2238 fama
1638 2197 1789 2253 passim

353 2284 634 2336 differebatur,
667 2285 815 2341 ipsum,
838 2285 1024 2341 puellum
1044 2296 1196 2337 tamen,
1220 2286 1333 2343 quod
1351 2296 1503 2328 eventu
1523 2287 1670 2343 patuit,
1693 2288 1791 2330 satis

352 2374 534 2417 vivacem
572 2385 824 2432 praematuro
861 2386 985 2433 partu
1023 2378 1147 2419 enixa
1187 2386 1260 2420 est.
1334 2377 1502 2419 Patrem
1541 2387 1688 2420 nactus
1727 2387 1790 2420 est

352 2464 695 2515 concionatorem,
737 2465 901 2522 qualem
938 2477 1036 2508 tunc
1071 2466 1260 2509 ferebant
1295 2476 1493 2523 tempora,
1535 2468 1607 2524 qui
1641 2467 1786 2510 leviori

353 2552 553 2595 doctrinae
591 2564 802 2598 armatura
839 2556 1075 2608 instructus,
1123 2558 1328 2599 orationes
1370 2557 1570 2614 publicas,
1610 2567 1653 2599 et
1686 2571 1789 2615 quas

352 2652 501 2684 vocant
521 2643 720 2695 homilias,
742 2645 838 2687 satis
858 2655 954 2702 apte
973 2646 1126 2702 populo
1147 2646 1374 2704 praelegere
1393 2656 1568 2703 poterat.

409 2733 690 2782 Quadriennis
708 2735 839 2777 factus
859 2736 1089 2779 vernaculis
1120 2737 1336 2780 literarum
1367 2738 1580 2781 elementis
1615 2754 1784 2796 operam

352 2823 492 2865 dedit:
528 2826 713 2867 octennis
750 2826 981 2868 doctiorum
1015 2828 1253 2886 linguarum
1284 2831 1531 2886 tyrocinium
1552 2831 1689 2887 posuit
1707 2831 1786 2873 sub

355 2914 540 2956 Roberto
563 2914 788 2966 Latimero,
812 2916 1063 2968 Oxoniense,
1090 2917 1402 2962 Malmesburiae
1422 2919 1561 2962 literas
1580 2919 1784 2971 docente3
