1910 3256
614 256 685 289 DE
715 255 1045 290 GRAVITATE.
1435 248 1524 291 421

142 380 263 428 ergo
305 381 365 414 ea
409 367 698 430 corpuscula
742 367 954 415 motibus
995 367 1094 415 suis
1152 374 1321 414 mutuo
1374 368 1426 414 in
1482 384 1533 416 se
1580 375 1696 407 PARS
1722 375 1778 407 lv·

144 439 355 488 invicem
377 440 717 505 impingentia,
742 458 793 490 se
816 450 987 490 mutuo
1012 442 1350 505 comprimere,
1387 458 1533 491 cona·
1603 420 1758 483 Q
1825 467 1832 485 x

143 523 348 580 tumque
370 517 552 565 habere
575 526 867 581 perpetuum
891 534 996 566 sese
1013 517 1269 576 liberandi,
1290 526 1339 564 et
1356 534 1533 581 aquam

142 592 420 642 obstantem
457 593 777 656 deprimendi.
847 594 977 642 Dato
1007 610 1124 658 ergo
1149 609 1358 656 superne
1383 593 1531 652 exitu,

122 683 272 733 aqua
305 685 460 733 prope
497 669 683 717 exitum
718 670 933 718 existens
959 677 1189 717 conatum
1220 668 1424 716 habebit
1459 685 1533 716 as-

99 804 102 806 *
142 744 401 793 condendi.
471 745 762 793 Necessario
800 761 918 808 ergo
961 745 1145 799 exibit3
1194 743 1326 792 exire
1367 751 1532 792 autem

140 835 242 868 non
263 826 443 884 potest,
478 819 573 868 nisi
606 836 706 868 una
728 820 1020 868 tantundem
1049 820 1201 868 intret
1223 818 1365 867 aeris.
1435 820 1532 867 Ex-

139 893 234 944 ibit
267 910 387 959 ergo
423 911 552 958 aqua
587 903 637 943 et
673 896 876 944 intrabit
911 912 1011 955 aer,
1051 896 1207 944 donec
1246 895 1534 958 corpuscula

138 969 239 1030 illa,
263 987 374 1034 quae
408 970 539 1019 intra
559 987 645 1019 vas
668 971 840 1019 relicta
862 979 1019 1030 erant,
1056 971 1335 1019 libertatem
1368 978 1532 1019 motus

138 1046 399 1110 pristinam
422 1047 836 1110 recuperaverint,
857 1047 909 1095 id
932 1054 1022 1106 est,
1049 1046 1206 1095 donec
1230 1062 1315 1094 vas
1337 1062 1532 1094 rursum

138 1137 253 1171 aere
288 1122 528 1186 repletum
561 1123 640 1182 sit,
677 1139 769 1171 nec
801 1123 1107 1186 relinquatur
1140 1139 1266 1186 aqua
1289 1122 1353 1170 ad
1388 1122 1532 1170 obtu-

138 1197 350 1247 randum
379 1198 603 1246 foramen
642 1199 683 1246 B
721 1199 836 1247 satis
874 1199 988 1246 alta.
1059 1199 1270 1247 Ostensa
1306 1206 1379 1246 est
1414 1214 1531 1261 ergo

136 1273 284 1337 hujus
306 1274 619 1338 phaenomeni
637 1291 785 1323 causa
806 1274 1070 1338 possibilis,
1090 1274 1339 1333 nimirum,
1360 1274 1531 1322 eadem

137 1365 250 1413 quae
285 1352 514 1398 tonitrus.
595 1351 725 1399 Nam
764 1359 820 1399 ut
857 1351 908 1399 in
953 1352 1270 1414 generatione
1317 1350 1530 1399 tonitrus

136 1426 428 1489 corpuscula
441 1426 494 1474 in
507 1427 721 1475 nubibus
740 1428 985 1486 conclusa,
1005 1428 1300 1491 simulatque
1325 1427 1530 1475 nimium

136 1503 544 1566 comprimuntur,
582 1512 818 1567 rumpunt
853 1520 940 1552 suo
969 1512 1110 1552 motu
1132 1504 1302 1562 nubes,
1340 1511 1390 1551 et
1424 1519 1530 1550 sese

136 1577 189 1626 in
204 1578 482 1627 libertatem
494 1579 771 1627 naturalem
784 1580 1052 1637 vindicant,
1062 1580 1132 1627 ita
1146 1579 1227 1627 hic
1242 1579 1531 1642 corpuscula

135 1654 369 1709 conclusa
389 1654 441 1702 in
459 1655 617 1718 spatio
642 1671 790 1719 supra
811 1663 998 1703 rectam
1023 1656 1059 1702 F
1074 1655 1131 1713 G,
1166 1663 1308 1703 motu
1329 1655 1528 1718 proprio

135 1745 226 1793 per
256 1729 427 1778 datum
460 1746 670 1794 superne
706 1731 891 1778 exitum
927 1731 1177 1793 expellunt
1199 1747 1405 1793 aquam3
1442 1747 1527 1778 ne-

133 1812 252 1869 gato
274 1813 442 1854 autem
477 1806 628 1865 exitu,
665 1806 937 1868 iisdemque
966 1806 1268 1869 corpusculis
1291 1807 1352 1854 ab
1376 1806 1527 1870 injec-

135 1881 271 1942 tione
300 1898 441 1946 aquae
476 1891 716 1946 perpetua
740 1882 1075 1930 vehementius
1112 1883 1419 1946 compressis,
1443 1899 1528 1931 vas

134 1957 296 2022 ipsum
318 1958 518 2006 tandem
543 1974 656 2006 cum
679 1958 874 2022 fragore
898 1964 1223 2021 rumperetur.

208 2039 285 2083 10.
323 2033 376 2082 Si
403 2034 525 2082 tubo
548 2034 627 2082 vel
667 2034 839 2082 vesicae
874 2049 959 2081 aer
996 2033 1059 2080 sit
1092 2034 1304 2092 inflatus,
1336 2034 1528 2097 pondus
1549 2035 1615 2065 ΟΜ
1637 2035 1742 2065 ‘’0⁵⁵⁶st
1765 2035 1812 2066 ¹¹¹·

135 2110 241 2173 ejus
259 2109 616 2172 aliquantulum
640 2109 901 2173 augebitur
918 2130 930 2164 ;
955 2115 1011 2156 ut
1026 2108 1141 2156 data
1165 2110 1530 2158 accuratissima
1546 2079 1812 2163 gizarririssffigffi

132 2201 284 2249 opera
316 2202 347 2233 a
379 2185 627 2233 nonnullis
652 2193 908 2248 expertum
945 2192 1035 2232 est.
1107 2184 1280 2248 Neque
1314 2185 1408 2233 hoc
1437 2186 1528 2233 mi-

133 2260 345 2310 randum
369 2269 462 2317 est,
488 2260 729 2324 siquidem
752 2260 804 2308 in
828 2276 940 2308 aere
965 2261 1212 2308 communi
1237 2262 1528 2324 corpuscula

132 2352 234 2399 non
257 2336 410 2384 fluida
427 2336 596 2395 multa,
621 2343 678 2383 ut
701 2335 1059 2399 supposuimus,
1085 2344 1202 2383 sunt
1235 2337 1524 2385 intermista.

21 2455 23 2458 Α
119 2413 207 2479 Ea
228 2412 358 2460 enim
383 2411 673 2476 corpuscula
692 2427 803 2459 aere
826 2427 950 2474 puro
975 2419 1089 2459 sunt
1106 2412 1346 2475 graviora.
1397 2414 1525 2460 Nam

13 2480 25 2550 ζ
131 2488 408 2555 substantia
438 2488 665 2546 aetherea,
700 2504 811 2535 cum
835 2487 1162 2550 undequaque
1187 2505 1216 2535 a
1243 2497 1383 2536 motu
1406 2489 1520 2536 solis

6 2616 21 2631 ,μ
132 2565 386 2628 aequaliter
408 2565 640 2628 agitetur,
669 2563 733 2611 ad
756 2579 924 2611 omnes
943 2563 1158 2611 universi
1181 2571 1345 2627 partes
1360 2581 1525 2628 aequa-

6 2655 20 2679 ³-
82 2695 85 2698 ⁴
131 2639 247 2689 liter
270 2648 492 2700 conatur,
516 2657 676 2704 neque
701 2656 818 2704 ergo
843 2639 1040 2688 omnino
1064 2640 1290 2702 gravitat.

206 2721 282 2765 11.
318 2716 555 2764 Videmus
594 2716 743 2764 etiam
785 2715 1040 2779 globulum
1076 2715 1376 2778 plumbeum,
1413 2734 1442 2764 a
1476 2717 1524 2764 vi
1541 2725 1646 2774 Causa
1672 2726 1752 2775 ejec:

132 2791 259 2840 aeris
302 2791 480 2840 inclusi
532 2792 584 2839 in
641 2808 778 2840 aeneo
826 2807 1029 2850 canone,
1078 2808 1224 2855 quem
1275 2793 1524 2856 appellant
1542 2774 1643 2842 33:15¹
1660 2779 1764 2843 ffivg

131 2866 408 2933 sclopetum
465 2867 845 2931 pneumaticum,
894 2882 1086 2914 sursum
1140 2868 1264 2930 ejici.
1360 2868 1525 2915 Habet
1542 2855 1755 2939 ζῐῗξζῖξζζῗω,
