1936 3262
879 244 923 285 xi

174 369 316 413 omnia
335 370 447 413 bona
466 369 727 420 dicentibus;
759 368 839 411 illis
874 368 1057 419 interim,
1089 367 1374 410 ecclesiasticis
1400 367 1633 424 praesertim

174 461 464 519 cujuscunque
513 460 692 518 generis,
744 460 889 517 gravia
937 459 1113 502 crimina
1160 474 1215 500 ne
1262 458 1399 500 dicam
1449 459 1636 501 convicia

174 552 330 610 passim
358 551 666 594 intentantibus
686 567 697 602 ;
729 565 931 607 magnum
952 550 1136 607 denique
1155 548 1456 606 discipulorum
1487 565 1635 591 nume-

174 658 284 694 rum,
314 643 388 701 qui
420 651 586 685 tantum
617 641 832 684 hominem
866 651 1068 700 tanquam
1099 657 1220 683 novae
1254 640 1431 697 alicujus
1452 641 1634 698 philoso-

174 733 356 792 phorum
368 732 546 785 ,familiae
566 733 800 790 principem
822 742 865 775 et
884 733 1105 775 authorem
1126 731 1453 774 consectantur?

235 917 347 960 Cum
365 916 510 974 itaque
529 916 694 974 pararia
714 931 842 973 opera
861 916 902 959 J.
917 916 972 958 A.
995 915 1074 956 viri
1094 915 1255 972 optimi,
1285 915 1329 956 in
1352 930 1501 957 manus
1523 930 1636 957 meas

174 1008 388 1051 incidisset
406 1007 573 1051 libellus
593 1007 646 1049 de
665 1007 752 1049 vita
771 1016 814 1049 et
832 1007 1021 1049 moribus
1043 1006 1222 1058 Hobbii,
1244 1021 1270 1048 a
1289 1005 1413 1048 docto
1434 1006 1633 1064 quodam,

175 1114 340 1142 summo
359 1099 450 1156 ejus
469 1098 603 1141 amico
623 1098 883 1155 conscriptus
914 1098 1106 1141 oratione
1138 1113 1237 1140 sane
1268 1098 1399 1155 gravi,
1437 1097 1637 1154 prudenti

175 1205 224 1234 ac
243 1190 445 1242 modesta,
478 1190 562 1232 mei
581 1189 706 1232 officii
725 1205 815 1232 esse
835 1189 953 1240 duxi,
987 1189 1146 1246 publici
1181 1190 1318 1246 ipsum
1347 1190 1455 1246 juris
1486 1189 1636 1232 facere.

178 1283 309 1333 Quod
347 1282 520 1340 quidem
559 1281 749 1339 praestiti,
791 1281 855 1324 his
894 1291 1109 1338 permotus
1149 1281 1408 1332 rationibus3
1459 1290 1551 1323 tum
1590 1290 1638 1323 ut

176 1374 392 1417 memoriae
442 1372 683 1415 Hobbianae
732 1372 1033 1423 consuleretur,
1083 1373 1138 1414 ob
1178 1372 1323 1415 allatas
1362 1372 1639 1429 philosophiae

177 1467 409 1511 secundum
439 1465 678 1508 libertatem
699 1464 900 1506 vindicias
907 1480 927 1526 θ·
960 1463 1074 1521 quod
1108 1463 1248 1506 hercle
1280 1463 1440 1506 facinus
1473 1479 1638 1506 summe

177 1558 420 1617 gloriosum,
441 1566 536 1614 post
555 1555 862 1606 Verulamium,
883 1555 1134 1606 Cartesium,
1155 1555 1435 1606 Gassendum,
1458 1565 1638 1614 quantos

177 1649 318 1692 virosi
362 1647 532 1706 egregie
582 1646 839 1704 perpetravit
890 1661 1069 1704 magnus
1106 1646 1176 1688 ille
1219 1646 1638 1699 Malmesburiensis;

179 1749 271 1784 tum
291 1749 339 1783 ut
357 1739 501 1782 amicis
532 1739 690 1796 pariter
709 1754 758 1781 ac
778 1738 958 1781 inimicis
977 1738 1031 1780 de
1051 1738 1140 1795 ipso
1161 1739 1393 1782 satisfieret.
1458 1740 1575 1789 Quin
1596 1750 1640 1782 et

177 1831 374 1874 nonnulli
408 1831 488 1874 hoc
523 1824 663 1888 ipsum*
693 1831 747 1873 ad
784 1830 951 1873 laudem
986 1840 1114 1888 atque
1149 1831 1276 1874 decus
1311 1832 1448 1889 gentis
1484 1841 1639 1874 nostrae

178 1923 294 1967 haud
314 1923 581 1966 mediocriter
601 1923 782 1965 attinere
802 1923 1103 1965 existimarent.

237 2105 408 2150 Nollem
427 2115 570 2149 autem
588 2105 870 2148 hallucinetur
896 2106 1059 2164 aliquis,
1094 2107 1213 2164 quasi
1233 2122 1301 2149 me
1321 2108 1366 2149 in
1385 2107 1496 2150 illius
1517 2107 1640 2150 disci-

178 2199 339 2258 plinam
378 2209 582 2257 tanquam
623 2199 668 2240 in
702 2199 946 2241 servitutem
986 2198 1235 2250 addixerim,
1277 2200 1321 2241 in
1362 2200 1472 2243 illius
1511 2201 1640 2243 verba

173 2293 380 2350 juratum,
416 2291 663 2349 opinionum
694 2290 845 2332 vadem
865 2299 908 2332 et
927 2305 1170 2347 sponsorem
1202 2291 1420 2343 futurum3
1449 2302 1524 2335 aut
1543 2308 1640 2335 cum

181 2398 393 2441 quoquam
430 2382 504 2441 qui
534 2383 590 2425 ob
624 2382 844 2424 materiam
879 2383 1066 2440 aliquam
1101 2383 1261 2426 bellum
1296 2384 1374 2441 ipsi
1408 2385 1642 2428 literarium

181 2474 396 2527 indixerit,
446 2475 727 2518 contentionis
772 2491 928 2518 serram
974 2475 1214 2518 ducturum.
1296 2476 1395 2519 Non
1436 2478 1550 2519 enim
1589 2478 1643 2520 de

182 2565 347 2623 scriptis
394 2567 485 2623 ejus
533 2566 764 2609 aliorumve
804 2567 1024 2609 contrariis
1071 2567 1176 2609 mihi
1216 2567 1438 2610 arbitrium
1477 2583 1643 2611 sumere

181 2657 348 2700 animus
368 2666 444 2709 est,
477 2658 545 2700 cui
565 2658 735 2715 negotio
768 2673 896 2716 quam
931 2659 1067 2716 impar
1099 2659 1190 2710 sim,
1228 2659 1351 2702 facile
1382 2660 1530 2711 sentio,
1568 2661 1643 2703 sed

183 2749 343 2792 nudam
377 2750 464 2792 veri
500 2759 543 2792 et
577 2749 676 2792 facti
714 2750 928 2792 historiam
971 2766 1219 2808 proponere,
1260 2751 1450 2809 nihilque
1490 2752 1642 2795 intem-

182 2841 343 2898 pestivo
393 2841 639 2899 praejudicio
688 2857 875 2885 onerare.
953 2842 1097 2892 Quare
1145 2843 1358 2887 neminem
1397 2844 1501 2886 mihi
1543 2845 1642 2902 jure
