<?xml version="1.0" encoding="UTF-8"?>
<!DOCTYPE html PUBLIC "-//W3C//DTD XHTML 1.0 Transitional//EN"
    "http://www.w3.org/TR/xhtml1/DTD/xhtml1-transitional.dtd">
<html xmlns="http://www.w3.org/1999/xhtml" xml:lang="en" lang="en">
 <head>
  <title>
</title>
<meta http-equiv="Content-Type" content="text/html;charset=utf-8" />
  <meta name='ocr-system' content='tesseract 3.04.00' />
  <meta name='ocr-capabilities' content='ocr_page ocr_carea ocr_par ocr_line ocrx_word'/>
</head>
<body>
  <div class='ocr_page' id='page_1' title='image "./operaphilosophic01hobbuoft_0101.png"; bbox 0 0 1936 3262; ppageno 0'>
   <div class='ocr_carea' id='block_1_1' title="bbox 631 287 1584 329">
    <p class='ocr_par' dir='ltr' id='par_1_1' title="bbox 631 287 1584 329">
     <span class='ocr_line' id='line_1_1' title="bbox 631 287 1584 329; baseline 0.004 -5"><span class='ocrx_word' id='word_1_1' title='bbox 631 296 733 324; x_wconf 77' lang='lat' dir='ltr'><strong>vrrA</strong></span> <span class='ocrx_word' id='word_1_2' title='bbox 755 297 860 327; x_wconf 73' lang='lat' dir='ltr'><strong>Tuo.</strong></span> <span class='ocrx_word' id='word_1_3' title='bbox 885 287 1073 327; x_wconf 82' lang='lat' dir='ltr'>H&#39;OBBES.</span> <span class='ocrx_word' id='word_1_4' title='bbox 1433 287 1584 329; x_wconf 84' lang='lat' dir='ltr'>lxxxix</span> 
     </span>
    </p>
   </div>
   <div class='ocr_carea' id='block_1_2' title="bbox 234 405 1500 2845">
    <p class='ocr_par' dir='ltr' id='par_1_2' title="bbox 242 405 1242 559">
     <span class='ocr_line' id='line_1_2' title="bbox 242 405 1242 467; baseline 0.003 -18"><span class='ocrx_word' id='word_1_5' title='bbox 242 405 301 450; x_wconf 90' lang='lat' dir='ltr'><strong>Et</strong></span> <span class='ocrx_word' id='word_1_6' title='bbox 319 406 634 450; x_wconf 81' lang='lat' dir='ltr'><strong>demonstrandi</strong></span> <span class='ocrx_word' id='word_1_7' title='bbox 654 407 778 450; x_wconf 91' lang='lat' dir='ltr'><strong>docui</strong></span> <span class='ocrx_word' id='word_1_8' title='bbox 798 419 1021 467; x_wconf 73' lang='lat' dir='ltr'><strong>praecepta,</strong></span> <span class='ocrx_word' id='word_1_9' title='bbox 1042 409 1242 467; x_wconf 86' lang='lat' dir='ltr'>globique</span> 
     </span>
     <span class='ocr_line' id='line_1_3' title="bbox 299 497 1209 559; baseline 0.004 -19"><span class='ocrx_word' id='word_1_10' title='bbox 299 497 514 541; x_wconf 82' lang='lat' dir='ltr'><strong>Mundani</strong></span> <span class='ocrx_word' id='word_1_11' title='bbox 534 498 696 551; x_wconf 84' lang='lat' dir='ltr'><strong>faciem,</strong></span> <span class='ocrx_word' id='word_1_12' title='bbox 717 500 1053 559; x_wconf 84' lang='lat' dir='ltr'>multiplicesque</span> <span class='ocrx_word' id='word_1_13' title='bbox 1072 517 1209 559; x_wconf 89' lang='lat' dir='ltr'><strong>gyros.</strong></span> 
     </span>
    </p>

    <p class='ocr_par' dir='ltr' id='par_1_3' title="bbox 241 586 1420 741">
     <span class='ocr_line' id='line_1_4' title="bbox 241 586 1420 650; baseline 0.005 -20"><span class='ocrx_word' id='word_1_14' title='bbox 241 586 409 632; x_wconf 87' lang='lat' dir='ltr'><strong>Litibus</strong></span> <span class='ocrx_word' id='word_1_15' title='bbox 428 599 472 632; x_wconf 89' lang='lat' dir='ltr'><strong>et</strong></span> <span class='ocrx_word' id='word_1_16' title='bbox 490 589 632 641; x_wconf 88' lang='lat' dir='ltr'><strong>finem,</strong></span> <span class='ocrx_word' id='word_1_17' title='bbox 654 589 814 633; x_wconf 85' lang='lat' dir='ltr'><strong>faciunt</strong></span> <span class='ocrx_word' id='word_1_18' title='bbox 834 607 937 649; x_wconf 84' lang='lat' dir='ltr'><strong>quas</strong></span> <span class='ocrx_word' id='word_1_19' title='bbox 950 596 1065 649; x_wconf 80' lang='lat' dir='ltr'><strong>plus,</strong></span> <span class='ocrx_word' id='word_1_20' title='bbox 1086 596 1241 642; x_wconf 77' lang='lat' dir='ltr'><strong>minus,</strong></span> <span class='ocrx_word' id='word_1_21' title='bbox 1263 602 1306 634; x_wconf 88' lang='lat' dir='ltr'><strong>et</strong></span> <span class='ocrx_word' id='word_1_22' title='bbox 1319 610 1420 650; x_wconf 80' lang='lat' dir='ltr'><strong>par,</strong></span> 
     </span>
     <span class='ocr_line' id='line_1_5' title="bbox 297 679 1103 741; baseline 0.005 -19"><span class='ocrx_word' id='word_1_23' title='bbox 297 679 398 729; x_wconf 78' lang='lat' dir='ltr'><strong>Qua</strong></span> <span class='ocrx_word' id='word_1_24' title='bbox 414 691 554 738; x_wconf 87' lang='lat' dir='ltr'><strong>posset</strong></span> <span class='ocrx_word' id='word_1_25' title='bbox 566 682 683 739; x_wconf 86' lang='lat' dir='ltr'><strong>justa</strong></span> <span class='ocrx_word' id='word_1_26' title='bbox 702 698 860 740; x_wconf 89' lang='lat' dir='ltr'><strong>ponere</strong></span> <span class='ocrx_word' id='word_1_27' title='bbox 878 683 973 741; x_wconf 85' lang='lat' dir='ltr'><strong>lege</strong></span> <span class='ocrx_word' id='word_1_28' title='bbox 992 683 1103 726; x_wconf 80' lang='lat' dir='ltr'><strong>dedi.</strong></span> 
     </span>
    </p>

    <p class='ocr_par' dir='ltr' id='par_1_4' title="bbox 240 769 1276 924">
     <span class='ocr_line' id='line_1_6' title="bbox 240 769 1276 831; baseline 0.003 -17"><span class='ocrx_word' id='word_1_29' title='bbox 240 769 351 815; x_wconf 85' lang='lat' dir='ltr'><strong>Haee</strong></span> <span class='ocrx_word' id='word_1_30' title='bbox 369 770 489 814; x_wconf 90' lang='lat' dir='ltr'><strong>illum</strong></span> <span class='ocrx_word' id='word_1_31' title='bbox 509 772 633 815; x_wconf 90' lang='lat' dir='ltr'><strong>docui</strong></span> <span class='ocrx_word' id='word_1_32' title='bbox 653 788 729 830; x_wconf 90' lang='lat' dir='ltr'><strong>per</strong></span> <span class='ocrx_word' id='word_1_33' title='bbox 749 784 908 831; x_wconf 86' lang='lat' dir='ltr'><strong>septem</strong></span> <span class='ocrx_word' id='word_1_34' title='bbox 929 774 1098 817; x_wconf 88' lang='lat' dir='ltr'><strong>sedulus</strong></span> <span class='ocrx_word' id='word_1_35' title='bbox 1118 790 1276 827; x_wconf 84' lang='lat' dir='ltr'><strong>annos;</strong></span> 
     </span>
     <span class='ocr_line' id='line_1_7' title="bbox 297 862 1160 924; baseline 0.003 -18"><span class='ocrx_word' id='word_1_36' title='bbox 297 862 376 906; x_wconf 90' lang='lat' dir='ltr'><strong>Ille</strong></span> <span class='ocrx_word' id='word_1_37' title='bbox 394 863 505 907; x_wconf 89' lang='lat' dir='ltr'><strong>celer</strong></span> <span class='ocrx_word' id='word_1_38' title='bbox 524 864 684 916; x_wconf 88' lang='lat' dir='ltr'><strong>didicit,</strong></span> <span class='ocrx_word' id='word_1_39' title='bbox 707 866 966 924; x_wconf 90' lang='lat' dir='ltr'><strong>retinuitque</strong></span> <span class='ocrx_word' id='word_1_40' title='bbox 986 881 1160 910; x_wconf 88' lang='lat' dir='ltr'><strong>memor.</strong></span> 
     </span>
    </p>

    <p class='ocr_par' dir='ltr' id='par_1_5' title="bbox 239 953 1426 1091">
     <span class='ocr_line' id='line_1_8' title="bbox 239 953 1426 1014; baseline 0.002 -16"><span class='ocrx_word' id='word_1_41' title='bbox 239 953 332 998; x_wconf 87' lang='lat' dir='ltr'><strong>Nec</strong></span> <span class='ocrx_word' id='word_1_42' title='bbox 351 963 493 998; x_wconf 80' lang='lat' dir='ltr'><strong>tamen</strong></span> <span class='ocrx_word' id='word_1_43' title='bbox 513 955 593 999; x_wconf 93' lang='lat' dir='ltr'><strong>hoc</strong></span> <span class='ocrx_word' id='word_1_44' title='bbox 613 965 778 1014; x_wconf 90' lang='lat' dir='ltr'><strong>tempus</strong></span> <span class='ocrx_word' id='word_1_45' title='bbox 799 956 916 1000; x_wconf 86' lang='lat' dir='ltr'><strong>libris</strong></span> <span class='ocrx_word' id='word_1_46' title='bbox 936 958 1269 1014; x_wconf 87' lang='lat' dir='ltr'><strong>consumpsimus</strong></span> <span class='ocrx_word' id='word_1_47' title='bbox 1289 973 1426 1009; x_wconf 89' lang='lat' dir='ltr'><strong>omne,</strong></span> 
     </span>
     <span class='ocr_line' id='line_1_9' title="bbox 295 1043 1108 1091; baseline 0.005 -4"><span class='ocrx_word' id='word_1_48' title='bbox 295 1043 355 1087; x_wconf 88' lang='lat' dir='ltr'><strong>Ni</strong></span> <span class='ocrx_word' id='word_1_49' title='bbox 374 1045 581 1089; x_wconf 90' lang='lat' dir='ltr'><strong>mundum</strong></span> <span class='ocrx_word' id='word_1_50' title='bbox 601 1046 700 1090; x_wconf 89' lang='lat' dir='ltr'><strong>libri</strong></span> <span class='ocrx_word' id='word_1_51' title='bbox 720 1046 876 1089; x_wconf 88' lang='lat' dir='ltr'><strong>dixeris</strong></span> <span class='ocrx_word' id='word_1_52' title='bbox 896 1063 985 1090; x_wconf 90' lang='lat' dir='ltr'><strong>esse</strong></span> <span class='ocrx_word' id='word_1_53' title='bbox 1004 1048 1108 1091; x_wconf 88' lang='lat' dir='ltr'><strong>loco.</strong></span> 
     </span>
    </p>

    <p class='ocr_par' dir='ltr' id='par_1_6' title="bbox 239 1120 1245 1290">
     <span class='ocr_line' id='line_1_10' title="bbox 239 1120 1245 1192; baseline 0.005 -13"><span class='ocrx_word' id='word_1_54' title='bbox 239 1120 376 1180; x_wconf 63' lang='lat' dir='ltr'><strong>Itdliae</strong></span> <span class='ocrx_word' id='word_1_55' title='bbox 390 1137 561 1189; x_wconf 83' lang='lat' dir='ltr'><strong>multas,</strong></span> <span class='ocrx_word' id='word_1_56' title='bbox 586 1138 810 1182; x_wconf 86' lang='lat' dir='ltr'>Gallorum</span> <span class='ocrx_word' id='word_1_57' title='bbox 829 1150 872 1182; x_wconf 88' lang='lat' dir='ltr'><strong>et</strong></span> <span class='ocrx_word' id='word_1_58' title='bbox 891 1140 1072 1183; x_wconf 88' lang='lat' dir='ltr'><strong>vidimus</strong></span> <span class='ocrx_word' id='word_1_59' title='bbox 1094 1142 1245 1192; x_wconf 83' lang='lat' dir='ltr'><strong>urbes3</strong></span> 
     </span>
     <span class='ocr_line' id='line_1_11' title="bbox 297 1227 1168 1290; baseline 0.003 -19"><span class='ocrx_word' id='word_1_60' title='bbox 297 1227 490 1271; x_wconf 81' lang='lat' dir='ltr'><strong>Secessus</strong></span> <span class='ocrx_word' id='word_1_61' title='bbox 509 1229 653 1272; x_wconf 90' lang='lat' dir='ltr'><strong>dulces</strong></span> <span class='ocrx_word' id='word_1_62' title='bbox 672 1230 853 1273; x_wconf 87' lang='lat' dir='ltr'><strong>vidimus</strong></span> <span class='ocrx_word' id='word_1_63' title='bbox 876 1231 1168 1290; x_wconf 88' lang='lat' dir='ltr'>Allobrogum.</span> 
     </span>
    </p>

    <p class='ocr_par' dir='ltr' id='par_1_7' title="bbox 238 1319 1198 1472">
     <span class='ocr_line' id='line_1_12' title="bbox 238 1319 1193 1380; baseline 0.003 -19"><span class='ocrx_word' id='word_1_64' title='bbox 238 1319 320 1362; x_wconf 86' lang='lat' dir='ltr'><strong>Ast</strong></span> <span class='ocrx_word' id='word_1_65' title='bbox 338 1334 418 1377; x_wconf 87' lang='lat' dir='ltr'><strong>ego</strong></span> <span class='ocrx_word' id='word_1_66' title='bbox 437 1330 641 1377; x_wconf 89' lang='lat' dir='ltr'><strong>perpetuo</strong></span> <span class='ocrx_word' id='word_1_67' title='bbox 661 1330 858 1363; x_wconf 83' lang='lat' dir='ltr'><strong>naturam</strong></span> <span class='ocrx_word' id='word_1_68' title='bbox 878 1322 1017 1380; x_wconf 87' lang='lat' dir='ltr'><strong>cogito</strong></span> <span class='ocrx_word' id='word_1_69' title='bbox 1037 1337 1193 1373; x_wconf 89' lang='lat' dir='ltr'><strong>rerum,</strong></span> 
     </span>
     <span class='ocr_line' id='line_1_13' title="bbox 297 1411 1198 1472; baseline 0.003 -18"><span class='ocrx_word' id='word_1_70' title='bbox 297 1411 383 1454; x_wconf 90' lang='lat' dir='ltr'><strong>Seu</strong></span> <span class='ocrx_word' id='word_1_71' title='bbox 401 1421 507 1464; x_wconf 78' lang='lat' dir='ltr'><strong>rate,</strong></span> <span class='ocrx_word' id='word_1_72' title='bbox 529 1427 603 1454; x_wconf 88' lang='lat' dir='ltr'><strong>seu</strong></span> <span class='ocrx_word' id='word_1_73' title='bbox 623 1427 763 1463; x_wconf 88' lang='lat' dir='ltr'><strong>curru,</strong></span> <span class='ocrx_word' id='word_1_74' title='bbox 786 1413 1057 1469; x_wconf 62' lang='lat' dir='ltr'><strong>sive‘ferebar</strong></span> <span class='ocrx_word' id='word_1_75' title='bbox 1076 1430 1198 1472; x_wconf 90' lang='lat' dir='ltr'><strong>equo.</strong></span> 
     </span>
    </p>

    <p class='ocr_par' dir='ltr' id='par_1_8' title="bbox 238 1500 1323 1648">
     <span class='ocr_line' id='line_1_14' title="bbox 238 1500 1323 1562; baseline 0.002 -16"><span class='ocrx_word' id='word_1_76' title='bbox 238 1500 296 1546; x_wconf 85' lang='lat' dir='ltr'><strong>Et</strong></span> <span class='ocrx_word' id='word_1_77' title='bbox 314 1503 418 1546; x_wconf 85' lang='lat' dir='ltr'><strong>mihi</strong></span> <span class='ocrx_word' id='word_1_78' title='bbox 437 1504 525 1547; x_wconf 84' lang='lat' dir='ltr'><strong>visa</strong></span> <span class='ocrx_word' id='word_1_79' title='bbox 543 1504 716 1562; x_wconf 88' lang='lat' dir='ltr'><strong>quidem</strong></span> <span class='ocrx_word' id='word_1_80' title='bbox 737 1514 800 1547; x_wconf 86' lang='lat' dir='ltr'><strong>est</strong></span> <span class='ocrx_word' id='word_1_81' title='bbox 820 1515 909 1548; x_wconf 88' lang='lat' dir='ltr'><strong>toto</strong></span> <span class='ocrx_word' id='word_1_82' title='bbox 931 1521 996 1548; x_wconf 91' lang='lat' dir='ltr'><strong>res</strong></span> <span class='ocrx_word' id='word_1_83' title='bbox 1017 1506 1143 1549; x_wconf 84' lang='lat' dir='ltr'><strong>unica</strong></span> <span class='ocrx_word' id='word_1_84' title='bbox 1162 1506 1323 1548; x_wconf 91' lang='lat' dir='ltr'><strong>mundo</strong></span> 
     </span>
     <span class='ocr_line' id='line_1_15' title="bbox 294 1595 1114 1648; baseline 0.002 -10"><span class='ocrx_word' id='word_1_85' title='bbox 294 1595 420 1648; x_wconf 80' lang='lat' dir='ltr'><strong>Vera,</strong></span> <span class='ocrx_word' id='word_1_86' title='bbox 440 1596 539 1640; x_wconf 91' lang='lat' dir='ltr'><strong>licet</strong></span> <span class='ocrx_word' id='word_1_87' title='bbox 558 1597 700 1640; x_wconf 85' lang='lat' dir='ltr'><strong>multis</strong></span> <span class='ocrx_word' id='word_1_88' title='bbox 719 1597 937 1640; x_wconf 82' lang='lat' dir='ltr'><strong>falsificata</strong></span> <span class='ocrx_word' id='word_1_89' title='bbox 957 1598 1114 1641; x_wconf 81' lang='lat' dir='ltr'><strong>modis:</strong></span> 
     </span>
    </p>

    <p class='ocr_par' dir='ltr' id='par_1_9' title="bbox 238 1687 1285 1848">
     <span class='ocr_line' id='line_1_16' title="bbox 238 1687 1285 1747; baseline 0.002 -17"><span class='ocrx_word' id='word_1_90' title='bbox 238 1687 377 1731; x_wconf 80' lang='lat' dir='ltr'><strong>Unica</strong></span> <span class='ocrx_word' id='word_1_91' title='bbox 395 1701 496 1731; x_wconf 84' lang='lat' dir='ltr'><strong>vera</strong></span> <span class='ocrx_word' id='word_1_92' title='bbox 514 1688 700 1747; x_wconf 86' lang='lat' dir='ltr'><strong>quidem,</strong></span> <span class='ocrx_word' id='word_1_93' title='bbox 723 1689 796 1731; x_wconf 87' lang='lat' dir='ltr'><strong>sed</strong></span> <span class='ocrx_word' id='word_1_94' title='bbox 818 1705 914 1747; x_wconf 87' lang='lat' dir='ltr'><strong>quae</strong></span> <span class='ocrx_word' id='word_1_95' title='bbox 936 1690 990 1732; x_wconf 89' lang='lat' dir='ltr'><strong>sit</strong></span> <span class='ocrx_word' id='word_1_96' title='bbox 1009 1690 1119 1733; x_wconf 86' lang='lat' dir='ltr'><strong>basis</strong></span> <span class='ocrx_word' id='word_1_97' title='bbox 1139 1705 1285 1733; x_wconf 87' lang='lat' dir='ltr'><strong>earum</strong></span> 
     </span>
     <span class='ocr_line' id='line_1_17' title="bbox 295 1779 1234 1848; baseline 0.001 -26"><span class='ocrx_word' id='word_1_98' title='bbox 295 1779 470 1831; x_wconf 89' lang='lat' dir='ltr'><strong>Rerum,</strong></span> <span class='ocrx_word' id='word_1_99' title='bbox 493 1795 597 1838; x_wconf 84' lang='lat' dir='ltr'><strong>quas</strong></span> <span class='ocrx_word' id='word_1_100' title='bbox 616 1779 730 1848; x_wconf 39' lang='lat' dir='ltr'><strong>falso·</strong></span> <span class='ocrx_word' id='word_1_101' title='bbox 740 1780 918 1823; x_wconf 90' lang='lat' dir='ltr'><strong>dicimus</strong></span> <span class='ocrx_word' id='word_1_102' title='bbox 937 1795 1027 1823; x_wconf 90' lang='lat' dir='ltr'><strong>esse</strong></span> <span class='ocrx_word' id='word_1_103' title='bbox 1046 1781 1206 1839; x_wconf 86' lang='lat' dir='ltr'><strong>aliquid</strong></span> <span class='ocrx_word' id='word_1_104' title='bbox 1223 1798 1234 1833; x_wconf 90' lang='lat'>;</span> 
     </span>
    </p>

    <p class='ocr_par' dir='ltr' id='par_1_10' title="bbox 235 1869 1352 2021">
     <span class='ocr_line' id='line_1_18' title="bbox 235 1869 1352 1931; baseline 0.003 -18"><span class='ocrx_word' id='word_1_105' title='bbox 235 1869 391 1920; x_wconf 82' lang='lat' dir='ltr'><strong>Qualia</strong></span> <span class='ocrx_word' id='word_1_106' title='bbox 409 1886 579 1914; x_wconf 84' lang='lat' dir='ltr'><strong>somnus</strong></span> <span class='ocrx_word' id='word_1_107' title='bbox 601 1871 729 1915; x_wconf 83' lang='lat' dir='ltr'><strong>habet</strong></span> <span class='ocrx_word' id='word_1_108' title='bbox 747 1872 937 1930; x_wconf 82' lang='lat' dir='ltr'><strong>fugitiva,</strong></span> <span class='ocrx_word' id='word_1_109' title='bbox 960 1882 1004 1915; x_wconf 91' lang='lat' dir='ltr'><strong>et</strong></span> <span class='ocrx_word' id='word_1_110' title='bbox 1023 1873 1165 1931; x_wconf 87' lang='lat' dir='ltr'><strong>qualia</strong></span> <span class='ocrx_word' id='word_1_111' title='bbox 1184 1874 1301 1916; x_wconf 90' lang='lat' dir='ltr'><strong>vitris</strong></span> <span class='ocrx_word' id='word_1_112' title='bbox 1349 1871 1352 1874; x_wconf 67' lang='grc'>’</span> 
     </span>
     <span class='ocr_line' id='line_1_19' title="bbox 292 1961 1112 2021; baseline 0.004 -17"><span class='ocrx_word' id='word_1_113' title='bbox 292 1961 484 2005; x_wconf 88' lang='lat' dir='ltr'><strong>Arbitrio</strong></span> <span class='ocrx_word' id='word_1_114' title='bbox 503 1977 672 2020; x_wconf 90' lang='lat' dir='ltr'><strong>possum</strong></span> <span class='ocrx_word' id='word_1_115' title='bbox 693 1963 972 2021; x_wconf 83' lang='lat' dir='ltr'><strong>multiplicare</strong></span> <span class='ocrx_word' id='word_1_116' title='bbox 992 1979 1112 2016; x_wconf 84' lang='lat' dir='ltr'><strong>meo3</strong></span> 
     </span>
    </p>

    <p class='ocr_par' dir='ltr' id='par_1_11' title="bbox 238 2052 1319 2191">
     <span class='ocr_line' id='line_1_20' title="bbox 238 2052 1319 2108; baseline 0.005 -14"><span class='ocrx_word' id='word_1_117' title='bbox 238 2052 490 2105; x_wconf 78' lang='lat' dir='ltr'><strong>Phantasiae,</strong></span> <span class='ocrx_word' id='word_1_118' title='bbox 513 2055 646 2096; x_wconf 89' lang='lat' dir='ltr'><strong>nostri</strong></span> <span class='ocrx_word' id='word_1_119' title='bbox 666 2055 828 2098; x_wconf 88' lang='lat' dir='ltr'><strong>soboles</strong></span> <span class='ocrx_word' id='word_1_120' title='bbox 850 2057 1025 2107; x_wconf 82' lang='lat' dir='ltr'><strong>cerebri,</strong></span> <span class='ocrx_word' id='word_1_121' title='bbox 1047 2056 1153 2098; x_wconf 92' lang='lat' dir='ltr'><strong>nihil</strong></span> <span class='ocrx_word' id='word_1_122' title='bbox 1173 2066 1319 2108; x_wconf 83' lang='lat' dir='ltr'><strong>extra3</strong></span> 
     </span>
     <span class='ocr_line' id='line_1_21' title="bbox 293 2144 1162 2191; baseline 0.003 -4"><span class='ocrx_word' id='word_1_123' title='bbox 293 2144 491 2188; x_wconf 83' lang='lat' dir='ltr'><strong>Partibus</strong></span> <span class='ocrx_word' id='word_1_124' title='bbox 511 2145 687 2188; x_wconf 81' lang='lat' dir='ltr'><strong>internis</strong></span> <span class='ocrx_word' id='word_1_125' title='bbox 707 2146 767 2188; x_wconf 93' lang='lat' dir='ltr'><strong>nil</strong></span> <span class='ocrx_word' id='word_1_126' title='bbox 783 2147 862 2188; x_wconf 92' lang='lat' dir='ltr'><strong>nisi</strong></span> <span class='ocrx_word' id='word_1_127' title='bbox 883 2157 1022 2190; x_wconf 90' lang='lat' dir='ltr'><strong>motus</strong></span> <span class='ocrx_word' id='word_1_128' title='bbox 1041 2148 1162 2191; x_wconf 91' lang='lat' dir='ltr'><strong>inest.</strong></span> 
     </span>
    </p>

    <p class='ocr_par' dir='ltr' id='par_1_12' title="bbox 235 2236 1500 2387">
     <span class='ocr_line' id='line_1_22' title="bbox 235 2236 1500 2297; baseline 0.002 -18"><span class='ocrx_word' id='word_1_129' title='bbox 235 2236 352 2280; x_wconf 88' lang='lat' dir='ltr'><strong>Hinc</strong></span> <span class='ocrx_word' id='word_1_130' title='bbox 371 2246 436 2280; x_wconf 83' lang='lat' dir='ltr'><strong>est</strong></span> <span class='ocrx_word' id='word_1_131' title='bbox 455 2237 583 2296; x_wconf 92' lang='lat' dir='ltr'><strong>quod,</strong></span> <span class='ocrx_word' id='word_1_132' title='bbox 605 2238 818 2295; x_wconf 82' lang='lat' dir='ltr'><strong>physicam</strong></span> <span class='ocrx_word' id='word_1_133' title='bbox 842 2239 1030 2297; x_wconf 91' lang='lat' dir='ltr'><strong>quisquis</strong></span> <span class='ocrx_word' id='word_1_134' title='bbox 1050 2239 1141 2282; x_wconf 90' lang='lat' dir='ltr'><strong>vult</strong></span> <span class='ocrx_word' id='word_1_135' title='bbox 1160 2239 1332 2291; x_wconf 87' lang='lat' dir='ltr'><strong>discere,</strong></span> <span class='ocrx_word' id='word_1_136' title='bbox 1363 2246 1500 2282; x_wconf 88' lang='lat' dir='ltr'><strong>motus</strong></span> 
     </span>
     <span class='ocr_line' id='line_1_23' title="bbox 293 2327 1154 2387; baseline 0.002 -17"><span class='ocrx_word' id='word_1_137' title='bbox 293 2327 410 2377; x_wconf 83' lang='lat' dir='ltr'><strong>Quid</strong></span> <span class='ocrx_word' id='word_1_138' title='bbox 429 2328 570 2386; x_wconf 91' lang='lat' dir='ltr'><strong>possit,</strong></span> <span class='ocrx_word' id='word_1_139' title='bbox 593 2328 720 2371; x_wconf 90' lang='lat' dir='ltr'><strong>debet</strong></span> <span class='ocrx_word' id='word_1_140' title='bbox 738 2329 1007 2386; x_wconf 77' lang='lat' dir='ltr'><strong>pei-didicisse</strong></span> <span class='ocrx_word' id='word_1_141' title='bbox 1026 2331 1154 2387; x_wconf 87' lang='lat' dir='ltr'><strong>prius.</strong></span> 
     </span>
    </p>

    <p class='ocr_par' dir='ltr' id='par_1_13' title="bbox 234 2418 1191 2570">
     <span class='ocr_line' id='line_1_24' title="bbox 234 2418 1191 2478; baseline 0.002 -16"><span class='ocrx_word' id='word_1_142' title='bbox 234 2418 352 2478; x_wconf 83' lang='lat' dir='ltr'><strong>Ergo</strong></span> <span class='ocrx_word' id='word_1_143' title='bbox 373 2420 559 2462; x_wconf 81' lang='lat' dir='ltr'><strong>materiae</strong></span> <span class='ocrx_word' id='word_1_144' title='bbox 581 2429 803 2478; x_wconf 89' lang='lat' dir='ltr'><strong>motusque</strong></span> <span class='ocrx_word' id='word_1_145' title='bbox 822 2436 975 2464; x_wconf 84' lang='lat' dir='ltr'><strong>arcana</strong></span> <span class='ocrx_word' id='word_1_146' title='bbox 994 2421 1191 2473; x_wconf 84' lang='lat' dir='ltr'><strong>reclud03</strong></span> 
     </span>
     <span class='ocr_line' id='line_1_25' title="bbox 293 2509 1162 2570; baseline 0.003 -17"><span class='ocrx_word' id='word_1_147' title='bbox 293 2509 364 2553; x_wconf 84' lang='lat' dir='ltr'><strong>Sic</strong></span> <span class='ocrx_word' id='word_1_148' title='bbox 384 2520 548 2568; x_wconf 87' lang='lat' dir='ltr'><strong>tempus</strong></span> <span class='ocrx_word' id='word_1_149' title='bbox 567 2526 746 2554; x_wconf 82' lang='lat' dir='ltr'><strong>vacuum</strong></span> <span class='ocrx_word' id='word_1_150' title='bbox 768 2511 866 2555; x_wconf 86' lang='lat' dir='ltr'><strong>fallo</strong></span> <span class='ocrx_word' id='word_1_151' title='bbox 885 2528 962 2570; x_wconf 85' lang='lat' dir='ltr'><strong>per</strong></span> <span class='ocrx_word' id='word_1_152' title='bbox 983 2513 1162 2556; x_wconf 84' lang='lat' dir='ltr'><strong>Italiam.</strong></span> 
     </span>
    </p>

    <p class='ocr_par' dir='ltr' id='par_1_14' title="bbox 237 2601 1333 2753">
     <span class='ocr_line' id='line_1_26' title="bbox 237 2601 1277 2662; baseline 0.004 -19"><span class='ocrx_word' id='word_1_153' title='bbox 237 2601 385 2644; x_wconf 88' lang='lat' dir='ltr'><strong>Scribo</strong></span> <span class='ocrx_word' id='word_1_154' title='bbox 404 2602 523 2654; x_wconf 88' lang='lat' dir='ltr'><strong>nihil,</strong></span> <span class='ocrx_word' id='word_1_155' title='bbox 543 2602 650 2646; x_wconf 87' lang='lat' dir='ltr'><strong>facio</strong></span> <span class='ocrx_word' id='word_1_156' title='bbox 670 2603 908 2647; x_wconf 79' lang='lat' dir='ltr'><strong>adversaria</strong></span> <span class='ocrx_word' id='word_1_157' title='bbox 926 2604 1055 2656; x_wconf 85' lang='lat' dir='ltr'><strong>nulla,</strong></span> <span class='ocrx_word' id='word_1_158' title='bbox 1078 2604 1277 2662; x_wconf 83' lang='lat' dir='ltr'><strong>magistra</strong></span> 
     </span>
     <span class='ocr_line' id='line_1_27' title="bbox 291 2691 1333 2753; baseline 0.003 -18"><span class='ocrx_word' id='word_1_159' title='bbox 291 2691 402 2742; x_wconf 84' lang='lat' dir='ltr'><strong>Quae</strong></span> <span class='ocrx_word' id='word_1_160' title='bbox 423 2692 578 2745; x_wconf 89' lang='lat' dir='ltr'><strong>docuit,</strong></span> <span class='ocrx_word' id='word_1_161' title='bbox 600 2709 784 2751; x_wconf 86' lang='lat' dir='ltr'><strong>praesens</strong></span> <span class='ocrx_word' id='word_1_162' title='bbox 805 2710 901 2738; x_wconf 85' lang='lat' dir='ltr'><strong>nam</strong></span> <span class='ocrx_word' id='word_1_163' title='bbox 925 2696 1027 2738; x_wconf 90' lang='lat' dir='ltr'><strong>mihi</strong></span> <span class='ocrx_word' id='word_1_164' title='bbox 1047 2711 1211 2753; x_wconf 90' lang='lat' dir='ltr'><strong>semper</strong></span> <span class='ocrx_word' id='word_1_165' title='bbox 1230 2705 1333 2738; x_wconf 84' lang='lat' dir='ltr'><strong>erat.</strong></span> 
     </span>
    </p>

    <p class='ocr_par' dir='ltr' id='par_1_15' title="bbox 238 2783 1322 2845">
     <span class='ocr_line' id='line_1_28' title="bbox 238 2783 1322 2845; baseline 0.002 -17"><span class='ocrx_word' id='word_1_166' title='bbox 238 2783 489 2841; x_wconf 88' lang='lat' dir='ltr'><strong>Linquimus</strong></span> <span class='ocrx_word' id='word_1_167' title='bbox 510 2784 690 2837; x_wconf 83' lang='lat' dir='ltr'><strong>Italiam,</strong></span> <span class='ocrx_word' id='word_1_168' title='bbox 712 2802 940 2845; x_wconf 89' lang='lat' dir='ltr'><strong>rursusque</strong></span> <span class='ocrx_word' id='word_1_169' title='bbox 960 2786 1322 2830; x_wconf 78' lang='lat' dir='ltr'><strong>redimusadalta</strong></span> 
     </span>
    </p>
   </div>
   <div class='ocr_carea' id='block_1_3' title="bbox 294 2874 1152 2937">
    <p class='ocr_par' dir='ltr' id='par_1_16' title="bbox 294 2874 1152 2937">
     <span class='ocr_line' id='line_1_29' title="bbox 294 2874 1152 2937; baseline 0.006 -19"><span class='ocrx_word' id='word_1_170' title='bbox 294 2875 461 2920; x_wconf 85' lang='lat' dir='ltr'><strong>Moenia</strong></span> <span class='ocrx_word' id='word_1_171' title='bbox 483 2877 679 2931; x_wconf 86' lang='lat' dir='ltr'><strong>Lutetiae,</strong></span> <span class='ocrx_word' id='word_1_172' title='bbox 702 2883 895 2937; x_wconf 83' lang='lat' dir='ltr'><strong>tectaque</strong></span> <span class='ocrx_word' id='word_1_173' title='bbox 916 2874 1152 2937; x_wconf 82' lang='lat' dir='ltr'><strong>magnifica.</strong></span> 
     </span>
    </p>
   </div>
   <div class='ocr_carea' id='block_1_4' title="bbox 0 0 102 3262">
    <p class='ocr_par' dir='ltr' id='par_1_17' title="bbox 0 0 102 3262">
     <span class='ocr_line' id='line_1_30' title="bbox 0 0 102 3262; baseline 0 0"><span class='ocrx_word' id='word_1_174' title='bbox 0 0 102 3262; x_wconf 95' lang='lat' dir='ltr'><strong> </strong></span> 
     </span>
    </p>
   </div>
  </div>
 </body>
</html>
