1936 3262
372 259 432 287 XX
872 260 973 288 vl'rA
994 260 1098 289 Tuo.
1121 259 1307 289 HOBBES.

372 369 699 420 transmittatur3
730 370 959 426 praesertim
989 370 1066 412 hoc
1086 380 1284 427 tempore,
1306 385 1400 412 cum
1421 370 1660 412 scribuntur
1678 370 1805 429 vulgo

370 459 467 501 vitae
496 460 764 503 obscurorum
792 461 1021 512 hominum,
1053 461 1168 504 nulla
1194 461 1347 503 virtute
1376 461 1615 519 insignium,
1645 461 1807 505 deside-

371 559 490 592 rante
509 551 687 592 nemine.

430 639 602 695 Scripsit
626 648 838 696 praeterea,
872 639 980 681 circa
1013 654 1171 681 annum
1202 640 1335 682 aetatis
1375 655 1462 682 suae
1492 641 1803 697 octogesimum,

372 729 599 773 Historiam
644 730 751 772 Belli
792 730 934 772 Civilis
975 730 1210 787 Anglicani,
1251 731 1360 772 inter
1402 730 1563 787 Regem
1604 730 1803 773 Carolum

368 821 550 876 primum
595 828 637 862 et
679 819 1005 861 Parliamentum
1055 820 1155 875 ejuS,
1205 819 1405 876 Anglice3
1454 820 1554 861 item
1594 829 1731 862 ortum
1763 829 1806 862 et

341 902 623 953 'incrementa
657 910 867 966 potestatis
900 909 1145 959 Pontificiae,
1177 910 1360 951 carmine
1399 910 1566 961 Latino,
1605 925 1801 953 versuum

367 1002 529 1044 circiter
548 1001 679 1043 duum
697 1001 885 1042 millium.
948 1000 1032 1042 Sed
1051 1015 1134 1043 non
1157 1001 1350 1042 sinebant
1378 1010 1565 1057 tempora
1594 1009 1641 1042 ut
1659 1001 1801 1058 publi-

372 1100 577 1133 carentur.

428 1180 653 1222 Silentibus
683 1179 851 1221 tandem
877 1179 1131 1229 adversariis,
1162 1194 1320 1221 annum
1348 1194 1475 1237 agens
1507 1180 1805 1238 octogesimum

367 1270 601 1326 septimum,
626 1269 802 1311 Homeri
821 1272 1047 1326 Odysseam
1069 1269 1211 1319 edidit,
1233 1285 1258 1311 a
1277 1284 1320 1310 se
1340 1284 1579 1312 conversam
1599 1270 1643 1311 in
1663 1286 1805 1313 versus

367 1359 636 1416 Anglicanos,
681 1373 791 1401 anno
822 1358 974 1400 deinde
1012 1359 1203 1414 proximo
1235 1359 1359 1401 etiam
1395 1361 1572 1402 Iliada:
1624 1359 1806 1418 denique

371 1453 701 1506 Cyclometrtam,
722 1463 880 1490 annum
892 1463 1019 1505 agens
1030 1449 1367 1506 ⁴nonagessimum
1380 1449 1577 1505 primum,
1598 1449 1805 1506 integram

368 1540 556 1582 nondum
575 1539 743 1581 editam.

426 1629 553 1678 Quod
572 1629 625 1671 ad
640 1629 815 1671 formam
834 1629 996 1679 attinet,
1019 1629 1136 1670 vultu
1157 1638 1246 1670 erat
1265 1644 1350 1671 non
1376 1629 1570 1686 specioso,
1601 1629 1686 1681 sed,
1708 1645 1805 1675 cum

367 1719 619 1776 loqueretur,
654 1734 738 1761 non
774 1719 950 1775 ingrato.
1010 1718 1180 1776 Effigies
1212 1719 1301 1775 ejus
1334 1719 1389 1761 ad
1422 1720 1563 1762 vivum
1591 1735 1616 1762 a
1647 1721 1805 1778 pictore

367 1809 595 1851 excellente
625 1809 841 1865 descripta,
874 1808 1006 1866 qualis
1026 1818 1115 1851 erat
1138 1810 1270 1851 aetatis
1300 1825 1386 1852 suae
1417 1810 1732 1867 septuagesimo,
1760 1811 1805 1853 in

367 1900 551 1942 conclavi
587 1900 714 1956 Regis
751 1899 891 1942 Caroli
928 1899 1107 1942 Secundi
1143 1909 1421 1942 conservatur.
1482 1900 1643 1943 Extant
1675 1902 1805 1946 ‚etiam

367 1990 552 2046 ejusdem
572 1990 771 2046 imagines
783 1990 836 2032 ab
855 1989 946 2031 aliis
964 1990 1203 2045 pictoribus,
1222 1990 1392 2032 diversis
1410 1991 1665 2048 temporibus
1684 1991 1804 2034 factae

367 2091 516 2138 rogatu
535 2081 775 2131 amicorum,
800 2081 844 2122 in
865 2080 1022 2138 Anglia
1042 2096 1126 2122 non
1146 2095 1303 2136 paucae,
1326 2090 1368 2122 et
1388 2081 1432 2122 in
1457 2081 1595 2123 Gallia
1613 2081 1783 2139 aliquot.

426 2173 587 2215 Natura
606 2188 691 2223 sua,
723 2182 765 2214 et
783 2172 926 2229 primis
946 2172 1078 2222 annis,
1109 2171 1322 2213 ferebatur
1342 2172 1395 2214 ad
1425 2172 1647 2214 lectionem
1675 2172 1804 2215 histo-

367 2265 521 2307 riarum
539 2274 580 2307 et
592 2274 835 2321 poetarum3
865 2272 907 2304 et
926 2263 1013 2319 ipse
1033 2277 1199 2319 quoque
1218 2277 1384 2304 carmen
1414 2262 1600 2312 tentavit,
1629 2277 1706 2304 nec
1739 2264 1805 2319 (ut

368 2356 536 2412 plurimi
560 2355 828 2412 judicabunt)
862 2354 1092 2396 infeliciter.
1155 2354 1306 2395 Postea
1336 2362 1476 2394 autem
1502 2367 1597 2394 cum
1631 2353 1674 2394 in
1705 2368 1805 2395 con-

367 2461 509 2502 gressu
541 2446 721 2503 quodam
756 2445 937 2486 virorum
958 2444 1188 2494 doctorum,
1221 2443 1433 2485 mentione
1463 2443 1570 2485 facta
1599 2443 1652 2488 de
1681 2457 1806 2486 causa

368 2537 578 2586 sensionis,
596 2545 853 2593 quaerentem
868 2551 1012 2586 unum,
1030 2530 1146 2592 quasi
1162 2549 1236 2591 per
1250 2543 1548 2590 contemptum,
1570 2536 1805 2595 Quidbesset

366 2642 517 2676 sen-eus,
539 2641 615 2668 nec
632 2641 880 2683 quemquam
901 2625 1081 2667 audisset
1100 2624 1434 2681 respondentem,
1456 2624 1698 2674 mirabatur,
1730 2622 1804 2680 qui

368 2715 459 2758 fieri
492 2716 685 2772 potuerit,
717 2726 764 2758 ut
784 2717 856 2774 qui
882 2716 1094 2772 sapientiae
1121 2715 1242 2758 titulo
1270 2714 1458 2756 homines
1484 2723 1653 2756 caeteros
1686 2721 1803 2755 tanto

366 2806 475 2848 fastu
495 2805 763 2862 despicerent,
786 2822 878 2849 suos
894 2807 1076 2864 ipsorum
1092 2821 1246 2856 sensuS,
1267 2805 1371 2862 quid
1387 2814 1534 2855 essent,
1548 2805 1800 2861 ignorarent.

369 2896 438 2938 Ex
457 2912 506 2939 eo
526 2906 710 2952 tempore
729 2897 783 2939 de
801 2913 924 2940 causa
942 2896 1145 2939 sentiendi
1166 2911 1276 2952 saepe
1291 2895 1500 2954 cogitanti,
1516 2894 1621 2937 forte
1635 2893 1802 2936 fortuna
