<?xml version="1.0" encoding="UTF-8"?>
<!DOCTYPE html PUBLIC "-//W3C//DTD XHTML 1.0 Transitional//EN"
    "http://www.w3.org/TR/xhtml1/DTD/xhtml1-transitional.dtd">
<html xmlns="http://www.w3.org/1999/xhtml" xml:lang="en" lang="en">
 <head>
  <title>
</title>
<meta http-equiv="Content-Type" content="text/html;charset=utf-8" />
  <meta name='ocr-system' content='tesseract 3.04.00' />
  <meta name='ocr-capabilities' content='ocr_page ocr_carea ocr_par ocr_line ocrx_word'/>
</head>
<body>
  <div class='ocr_page' id='page_1' title='image "./operaphilosophic01hobbuoft_0169.png"; bbox 0 0 1936 3262; ppageno 0'>
   <div class='ocr_carea' id='block_1_1' title="bbox 544 249 1472 293">
    <p class='ocr_par' dir='ltr' id='par_1_1' title="bbox 544 249 1472 293">
     <span class='ocr_line' id='line_1_1' title="bbox 544 249 1472 293; baseline -0.002 0"><span class='ocrx_word' id='word_1_1' title='bbox 544 259 615 293; x_wconf 82' lang='lat' dir='ltr'>DE</span> <span class='ocrx_word' id='word_1_2' title='bbox 643 258 1010 293; x_wconf 84' lang='lat' dir='ltr'><strong>SYLLOGISMO.</strong></span> <span class='ocrx_word' id='word_1_3' title='bbox 1409 249 1472 292; x_wconf 87' lang='lat'>45</span> 
     </span>
    </p>
   </div>
   <div class='ocr_carea' id='block_1_2' title="bbox 0 321 306 3262">
    <p class='ocr_par' dir='ltr' id='par_1_2' title="bbox 0 321 306 3262">
     <span class='ocr_line' id='line_1_2' title="bbox 0 321 185 624; baseline 0 -179"><span class='ocrx_word' id='word_1_4' title='bbox 0 321 185 624; x_wconf 95' lang='lat' dir='ltr'>     </span> 
     </span>
     <span class='ocr_line' id='line_1_3' title="bbox 0 624 138 757; baseline 0.007 -1"><span class='ocrx_word' id='word_1_5' title='bbox 0 624 138 757; x_wconf 95' lang='lat' dir='ltr'>   </span> 
     </span>
     <span class='ocr_line' id='line_1_4' title="bbox 0 757 77 987; baseline 0 -157"><span class='ocrx_word' id='word_1_6' title='bbox 0 757 77 987; x_wconf 95' lang='lat' dir='ltr'>    </span> 
     </span>
     <span class='ocr_line' id='line_1_5' title="bbox 0 987 136 1210; baseline 0 -63"><span class='ocrx_word' id='word_1_7' title='bbox 0 987 136 1210; x_wconf 95' lang='lat' dir='ltr'>     </span> 
     </span>
     <span class='ocr_line' id='line_1_6' title="bbox 0 1210 86 1444; baseline 0 -80"><span class='ocrx_word' id='word_1_8' title='bbox 0 1210 86 1444; x_wconf 95' lang='lat' dir='ltr'>    </span> 
     </span>
     <span class='ocr_line' id='line_1_7' title="bbox 0 1444 84 1537; baseline 0 0"><span class='ocrx_word' id='word_1_9' title='bbox 0 1444 84 1537; x_wconf 95' lang='lat' dir='ltr'>  </span> 
     </span>
     <span class='ocr_line' id='line_1_8' title="bbox 0 1537 306 1687; baseline 0 -89"><span class='ocrx_word' id='word_1_10' title='bbox 0 1537 306 1687; x_wconf 95' lang='lat' dir='ltr'>   </span> 
     </span>
     <span class='ocr_line' id='line_1_9' title="bbox 0 1687 90 2118; baseline 0.022 -225"><span class='ocrx_word' id='word_1_11' title='bbox 0 1687 90 2118; x_wconf 95' lang='lat' dir='ltr'>     </span> 
     </span>
     <span class='ocr_line' id='line_1_10' title="bbox 0 2680 88 3262; baseline 0 -353"><span class='ocrx_word' id='word_1_12' title='bbox 0 2680 88 3262; x_wconf 95' lang='lat' dir='ltr'>   </span> 
     </span>
    </p>
   </div>
   <div class='ocr_carea' id='block_1_3' title="bbox 41 351 1716 2024">
    <p class='ocr_par' dir='ltr' id='par_1_3' title="bbox 94 351 1705 575">
     <span class='ocr_line' id='line_1_11' title="bbox 94 351 1705 423; baseline -0.002 -19"><span class='ocrx_word' id='word_1_13' title='bbox 94 351 521 417; x_wconf 47' lang='lat' dir='ltr'>&#39;&#39;ssxtendebatur</span> <span class='ocrx_word' id='word_1_14' title='bbox 555 353 827 402; x_wconf 90' lang='lat' dir='ltr'>secundum</span> <span class='ocrx_word' id='word_1_15' title='bbox 860 354 1041 414; x_wconf 90' lang='lat' dir='ltr'>locum,</span> <span class='ocrx_word' id='word_1_16' title='bbox 1078 359 1130 401; x_wconf 89' lang='lat' dir='ltr'>et</span> <span class='ocrx_word' id='word_1_17' title='bbox 1163 353 1274 402; x_wconf 90' lang='lat' dir='ltr'>loco</span> <span class='ocrx_word' id='word_1_18' title='bbox 1309 369 1475 402; x_wconf 87' lang='lat' dir='ltr'>move·</span> <span class='ocrx_word' id='word_1_19' title='bbox 1541 389 1658 423; x_wconf 70' lang='lat' dir='ltr'>PARS</span> <span class='ocrx_word' id='word_1_20' title='bbox 1675 389 1705 423; x_wconf 93' lang='lat'>1.</span> 
     </span>
     <span class='ocr_line' id='line_1_12' title="bbox 185 429 1634 503; baseline -0.001 -25.05"><span class='ocrx_word' id='word_1_21' title='bbox 185 446 247 489; x_wconf 88' lang='lat' dir='ltr'>r,</span> <span class='ocrx_word' id='word_1_22' title='bbox 273 437 324 478; x_wconf 91' lang='lat' dir='ltr'>et</span> <span class='ocrx_word' id='word_1_23' title='bbox 347 429 573 478; x_wconf 86' lang='lat' dir='ltr'>oratione</span> <span class='ocrx_word' id='word_1_24' title='bbox 591 430 827 478; x_wconf 88' lang='lat' dir='ltr'>utebatur</span> <span class='ocrx_word' id='word_1_25' title='bbox 844 446 996 478; x_wconf 92' lang='lat' dir='ltr'>unam</span> <span class='ocrx_word' id='word_1_26' title='bbox 1011 437 1062 478; x_wconf 91' lang='lat' dir='ltr'>et</span> <span class='ocrx_word' id='word_1_27' title='bbox 1076 429 1284 478; x_wconf 88' lang='lat' dir='ltr'>eandem</span> <span class='ocrx_word' id='word_1_28' title='bbox 1305 429 1472 488; x_wconf 90' lang='lat' dir='ltr'>fuisse,</span> <span class='ocrx_word' id='word_1_29' title='bbox 1510 495 1518 503; x_wconf 81' lang='lat'><em>‚</em></span> <span class='ocrx_word' id='word_1_30' title='bbox 1602 436 1634 468; x_wconf 77' lang='lat'>4·</span> 
     </span>
     <span class='ocr_line' id='line_1_13' title="bbox 105 505 1475 575; baseline 0.001 -24"><span class='ocrx_word' id='word_1_31' title='bbox 105 505 339 575; x_wconf 37' lang='lat' dir='ltr'>fficludit</span> <span class='ocrx_word' id='word_1_32' title='bbox 383 505 534 554; x_wconf 89' lang='lat' dir='ltr'>etiam</span> <span class='ocrx_word' id='word_1_33' title='bbox 569 505 772 553; x_wconf 90' lang='lat' dir='ltr'>nomina</span> <span class='ocrx_word' id='word_1_34' title='bbox 816 505 900 554; x_wconf 91' lang='lat' dir='ltr'>illa</span> <span class='ocrx_word' id='word_1_35' title='bbox 939 506 1038 554; x_wconf 91' lang='lat' dir='ltr'>tria</span> <span class='ocrx_word' id='word_1_36' title='bbox 1077 505 1232 564; x_wconf 79' lang='lat' dir='ltr'>homo,</span> <span class='ocrx_word' id='word_1_37' title='bbox 1271 505 1475 566; x_wconf 66' lang='lat' dir='ltr'>animal,</span> 
     </span>
    </p>

    <p class='ocr_par' dir='ltr' id='par_1_4' title="bbox 56 581 1477 650">
     <span class='ocr_line' id='line_1_14' title="bbox 162 581 1477 650; baseline -0.001 -20.149"><span class='ocrx_word' id='word_1_38' title='bbox 162 598 287 648; x_wconf 59' lang='lat' dir='ltr'>pua,</span> <span class='ocrx_word' id='word_1_39' title='bbox 321 581 542 650; x_wconf 85' lang='lat' dir='ltr'>ejusdem</span> <span class='ocrx_word' id='word_1_40' title='bbox 563 581 634 630; x_wconf 91' lang='lat' dir='ltr'>rei</span> <span class='ocrx_word' id='word_1_41' title='bbox 664 597 771 630; x_wconf 89' lang='lat' dir='ltr'>esse</span> <span class='ocrx_word' id='word_1_42' title='bbox 793 582 1010 641; x_wconf 88' lang='lat' dir='ltr'>nomina,</span> <span class='ocrx_word' id='word_1_43' title='bbox 1032 590 1083 630; x_wconf 90' lang='lat' dir='ltr'>et</span> <span class='ocrx_word' id='word_1_44' title='bbox 1104 582 1313 646; x_wconf 86' lang='lat' dir='ltr'>proinde</span> <span class='ocrx_word' id='word_1_45' title='bbox 1338 581 1477 629; x_wconf 79' lang='lat' dir='ltr'>homo</span> 
     </span>
    </p>

    <p class='ocr_par' dir='ltr' id='par_1_5' title="bbox 82 652 1480 724">
     <span class='ocr_line' id='line_1_15' title="bbox 138 657 1480 724; baseline -0.003 -16.16"><span class='ocrx_word' id='word_1_46' title='bbox 138 664 164 709; x_wconf 76' lang='lat' dir='ltr'>t</span> <span class='ocrx_word' id='word_1_47' title='bbox 182 674 384 724; x_wconf 64' lang='lat' dir='ltr'>corpuS,</span> <span class='ocrx_word' id='word_1_48' title='bbox 398 673 504 707; x_wconf 89' lang='lat' dir='ltr'>esse</span> <span class='ocrx_word' id='word_1_49' title='bbox 521 657 912 722; x_wconf 83' lang='lat' dir='ltr'>propositionem</span> <span class='ocrx_word' id='word_1_50' title='bbox 930 674 1111 707; x_wconf 88' lang='lat' dir='ltr'>veram.</span> <span class='ocrx_word' id='word_1_51' title='bbox 1158 657 1480 706; x_wconf 85' lang='lat' dir='ltr'><strong>Manifestum</strong></span> 
     </span>
    </p>

    <p class='ocr_par' dir='ltr' id='par_1_6' title="bbox 79 730 1480 799">
     <span class='ocr_line' id='line_1_16' title="bbox 99 733 1480 798; baseline 0.001 -18.986"><span class='ocrx_word' id='word_1_52' title='bbox 83 743 107 788; x_wconf 67' lang='lat' dir='ltr'><em>g</em></span> <span class='ocrx_word' id='word_1_53' title='bbox 175 750 203 784; x_wconf 92' lang='lat' dir='ltr'>c</span> <span class='ocrx_word' id='word_1_54' title='bbox 239 742 316 783; x_wconf 88' lang='lat' dir='ltr'>est</span> <span class='ocrx_word' id='word_1_55' title='bbox 353 740 648 798; x_wconf 90' lang='lat' dir='ltr'>conceptum</span> <span class='ocrx_word' id='word_1_56' title='bbox 690 733 791 782; x_wconf 90' lang='lat' dir='ltr'>sive</span> <span class='ocrx_word' id='word_1_57' title='bbox 826 734 1181 798; x_wconf 84' lang='lat' dir='ltr'>cogitationem</span> <span class='ocrx_word' id='word_1_58' title='bbox 1224 749 1335 798; x_wconf 89' lang='lat' dir='ltr'>quae</span> <span class='ocrx_word' id='word_1_59' title='bbox 1376 749 1480 781; x_wconf 89' lang='lat' dir='ltr'>res-</span> 
     </span>
    </p>

    <p class='ocr_par' dir='ltr' id='par_1_7' title="bbox 41 809 1479 874">
     <span class='ocr_line' id='line_1_17' title="bbox 41 809 1479 874; baseline -0.005 -11"><span class='ocrx_word' id='word_1_60' title='bbox 41 858 44 863; x_wconf 88' lang='lat'><em>.</em></span> <span class='ocrx_word' id='word_1_61' title='bbox 111 872 114 874; x_wconf 82' lang='lat'>.</span> <span class='ocrx_word' id='word_1_62' title='bbox 128 866 131 874; x_wconf 14' lang='grc' dir='ltr'>Ὺ</span> <span class='ocrx_word' id='word_1_63' title='bbox 152 809 312 860; x_wconf 83' lang='lat' dir='ltr'>ndens</span> <span class='ocrx_word' id='word_1_64' title='bbox 348 809 631 874; x_wconf 85' lang='lat' dir='ltr'>syllogismo</span> <span class='ocrx_word' id='word_1_65' title='bbox 662 825 723 857; x_wconf 83' lang='lat' dir='ltr'>ex</span> <span class='ocrx_word' id='word_1_66' title='bbox 745 810 1167 874; x_wconf 90' lang='lat' dir='ltr'>propositionibus</span> <span class='ocrx_word' id='word_1_67' title='bbox 1190 809 1479 858; x_wconf 91' lang='lat' dir='ltr'>universali-</span> 
     </span>
    </p>

    <p class='ocr_par' dir='ltr' id='par_1_8' title="bbox 56 885 1480 953">
     <span class='ocr_line' id='line_1_18' title="bbox 56 885 1480 953; baseline -0.002 -17"><span class='ocrx_word' id='word_1_68' title='bbox 56 894 110 953; x_wconf 43' lang='grc' dir='ltr'>,θ’</span> <span class='ocrx_word' id='word_1_69' title='bbox 124 943 129 949; x_wconf 45' lang='grc'><strong>,</strong></span> <span class='ocrx_word' id='word_1_70' title='bbox 162 908 173 930; x_wconf 83' lang='lat'><strong>:</strong></span> <span class='ocrx_word' id='word_1_71' title='bbox 202 886 254 936; x_wconf 91' lang='lat' dir='ltr'>in</span> <span class='ocrx_word' id='word_1_72' title='bbox 278 885 443 935; x_wconf 84' lang='lat' dir='ltr'>animo</span> <span class='ocrx_word' id='word_1_73' title='bbox 468 885 653 944; x_wconf 86' lang='lat' dir='ltr'>existit,</span> <span class='ocrx_word' id='word_1_74' title='bbox 677 885 864 934; x_wconf 90' lang='lat' dir='ltr'>nullam</span> <span class='ocrx_word' id='word_1_75' title='bbox 889 902 994 934; x_wconf 90' lang='lat' dir='ltr'>esse</span> <span class='ocrx_word' id='word_1_76' title='bbox 1027 886 1079 934; x_wconf 92' lang='lat' dir='ltr'>in</span> <span class='ocrx_word' id='word_1_77' title='bbox 1103 886 1163 935; x_wconf 92' lang='lat' dir='ltr'>iis</span> <span class='ocrx_word' id='word_1_78' title='bbox 1187 886 1480 935; x_wconf 85' lang='lat' dir='ltr'>animalibus</span> 
     </span>
    </p>

    <p class='ocr_par' dir='ltr' id='par_1_9' title="bbox 71 955 1482 1026">
     <span class='ocr_line' id='line_1_19' title="bbox 136 961 1482 1026; baseline -0.001 -15.092"><span class='ocrx_word' id='word_1_79' title='bbox 136 962 267 1011; x_wconf 86' lang='lat' dir='ltr'>&#39;bus</span> <span class='ocrx_word' id='word_1_80' title='bbox 288 961 430 1010; x_wconf 89' lang='lat' dir='ltr'>deest</span> <span class='ocrx_word' id='word_1_81' title='bbox 447 977 566 1010; x_wconf 90' lang='lat' dir='ltr'>usus</span> <span class='ocrx_word' id='word_1_82' title='bbox 584 961 857 1020; x_wconf 90' lang='lat' dir='ltr'>nominum,</span> <span class='ocrx_word' id='word_1_83' title='bbox 894 978 1007 1010; x_wconf 91' lang='lat' dir='ltr'>cum</span> <span class='ocrx_word' id='word_1_84' title='bbox 1030 961 1162 1010; x_wconf 90' lang='lat' dir='ltr'>inter</span> <span class='ocrx_word' id='word_1_85' title='bbox 1186 962 1482 1026; x_wconf 88' lang='lat' dir='ltr'>syllogizan-</span> 
     </span>
    </p>

    <p class='ocr_par' dir='ltr' id='par_1_10' title="bbox 67 1032 1481 1103">
     <span class='ocr_line' id='line_1_20' title="bbox 67 1032 1481 1103; baseline -0.001 -15"><span class='ocrx_word' id='word_1_86' title='bbox 67 1032 209 1093; x_wconf 64' lang='lat' dir='ltr'>*ulum</span> <span class='ocrx_word' id='word_1_87' title='bbox 248 1045 478 1103; x_wconf 86' lang='lat' dir='ltr'>oporteat</span> <span class='ocrx_word' id='word_1_88' title='bbox 498 1053 601 1086; x_wconf 88' lang='lat' dir='ltr'>non</span> <span class='ocrx_word' id='word_1_89' title='bbox 633 1037 781 1086; x_wconf 87' lang='lat' dir='ltr'>modo</span> <span class='ocrx_word' id='word_1_90' title='bbox 818 1037 880 1086; x_wconf 92' lang='lat' dir='ltr'>de</span> <span class='ocrx_word' id='word_1_91' title='bbox 902 1054 957 1086; x_wconf 94' lang='lat' dir='ltr'>re</span> <span class='ocrx_word' id='word_1_92' title='bbox 992 1038 1080 1086; x_wconf 91' lang='lat' dir='ltr'>sed</span> <span class='ocrx_word' id='word_1_93' title='bbox 1102 1038 1252 1086; x_wconf 89' lang='lat' dir='ltr'>etiam</span> <span class='ocrx_word' id='word_1_94' title='bbox 1276 1038 1481 1086; x_wconf 89' lang='lat' dir='ltr'>alternis</span> 
     </span>
    </p>

    <p class='ocr_par' dir='ltr' id='par_1_11' title="bbox 44 1106 1483 1254">
     <span class='ocr_line' id='line_1_21' title="bbox 44 1106 1483 1178; baseline -0.002 -14"><span class='ocrx_word' id='word_1_95' title='bbox 44 1106 47 1110; x_wconf 50' lang='grc'><strong>’</strong></span> <span class='ocrx_word' id='word_1_96' title='bbox 70 1107 95 1174; x_wconf 75' lang='grc' dir='ltr'>.“ </span> <span class='ocrx_word' id='word_1_97' title='bbox 121 1115 134 1127; x_wconf 84' lang='lat'><strong><em>&#39;</em></strong></span> <span class='ocrx_word' id='word_1_98' title='bbox 168 1115 278 1164; x_wconf 82' lang='lat' dir='ltr'>ibus</span> <span class='ocrx_word' id='word_1_99' title='bbox 315 1113 378 1162; x_wconf 91' lang='lat' dir='ltr'>de</span> <span class='ocrx_word' id='word_1_100' title='bbox 418 1113 623 1163; x_wconf 88' lang='lat' dir='ltr'>diversis</span> <span class='ocrx_word' id='word_1_101' title='bbox 663 1113 737 1162; x_wconf 89' lang='lat' dir='ltr'>rei</span> <span class='ocrx_word' id='word_1_102' title='bbox 780 1113 1079 1174; x_wconf 92' lang='lat' dir='ltr'>nominibus,</span> <span class='ocrx_word' id='word_1_103' title='bbox 1126 1129 1237 1178; x_wconf 86' lang='lat' dir='ltr'>quae</span> <span class='ocrx_word' id='word_1_104' title='bbox 1277 1121 1483 1178; x_wconf 86' lang='lat' dir='ltr'>propter</span> 
     </span>
     <span class='ocr_line' id='line_1_22' title="bbox 64 1189 1479 1254; baseline -0.003 -12"><span class='ocrx_word' id='word_1_105' title='bbox 64 1191 308 1254; x_wconf 65' lang='lat' dir='ltr'>{diversas</span> <span class='ocrx_word' id='word_1_106' title='bbox 332 1189 394 1239; x_wconf 91' lang='lat' dir='ltr'>de</span> <span class='ocrx_word' id='word_1_107' title='bbox 420 1206 472 1238; x_wconf 88' lang='lat' dir='ltr'>re</span> <span class='ocrx_word' id='word_1_108' title='bbox 495 1189 824 1254; x_wconf 86' lang='lat' dir='ltr'>cogitationes</span> <span class='ocrx_word' id='word_1_109' title='bbox 839 1189 1062 1238; x_wconf 89' lang='lat' dir='ltr'>adhibita</span> <span class='ocrx_word' id='word_1_110' title='bbox 1086 1198 1217 1250; x_wconf 90' lang='lat' dir='ltr'>sunt,</span> <span class='ocrx_word' id='word_1_111' title='bbox 1243 1191 1479 1254; x_wconf 84' lang='lat' dir='ltr'>cogitare.</span> 
     </span>
    </p>

    <p class='ocr_par' dir='ltr' id='par_1_12' title="bbox 51 1265 1716 1710">
     <span class='ocr_line' id='line_1_23' title="bbox 62 1265 1617 1332; baseline -0.001 -18"><span class='ocrx_word' id='word_1_112' title='bbox 62 1265 96 1330; x_wconf 66' lang='grc' dir='ltr'>ᾗ,</span> <span class='ocrx_word' id='word_1_113' title='bbox 153 1273 205 1317; x_wconf 88' lang='grc'>9.</span> <span class='ocrx_word' id='word_1_114' title='bbox 241 1266 463 1331; x_wconf 89' lang='lat' dir='ltr'>Reliquae</span> <span class='ocrx_word' id='word_1_115' title='bbox 492 1266 666 1330; x_wconf 89' lang='lat' dir='ltr'>figurae</span> <span class='ocrx_word' id='word_1_116' title='bbox 689 1282 720 1314; x_wconf 90' lang='lat' dir='ltr'>a</span> <span class='ocrx_word' id='word_1_117' title='bbox 736 1265 909 1329; x_wconf 88' lang='lat' dir='ltr'>primae</span> <span class='ocrx_word' id='word_1_118' title='bbox 941 1266 1043 1314; x_wconf 88' lang='lat' dir='ltr'>sive</span> <span class='ocrx_word' id='word_1_119' title='bbox 1079 1266 1280 1314; x_wconf 90' lang='lat' dir='ltr'>directae</span> <span class='ocrx_word' id='word_1_120' title='bbox 1307 1267 1480 1330; x_wconf 80' lang='lat' dir='ltr'>figurae</span> <span class='ocrx_word' id='word_1_121' title='bbox 1497 1281 1617 1332; x_wconf 64' lang='lat' dir='ltr'>rigum</span> 
     </span>
     <span class='ocr_line' id='line_1_24' title="bbox 71 1325 1650 1410; baseline -0.002 -18"><span class='ocrx_word' id='word_1_122' title='bbox 71 1335 371 1409; x_wconf 56' lang='lat' dir='ltr'>fflexione,</span> <span class='ocrx_word' id='word_1_123' title='bbox 394 1342 474 1390; x_wconf 89' lang='lat' dir='ltr'>vel</span> <span class='ocrx_word' id='word_1_124' title='bbox 497 1341 792 1400; x_wconf 85' lang='lat' dir='ltr'>inversione,</span> <span class='ocrx_word' id='word_1_125' title='bbox 818 1341 952 1404; x_wconf 80' lang='lat' dir='ltr'>quod</span> <span class='ocrx_word' id='word_1_126' title='bbox 974 1341 1034 1389; x_wconf 93' lang='lat' dir='ltr'>fit</span> <span class='ocrx_word' id='word_1_127' title='bbox 1050 1357 1139 1405; x_wconf 90' lang='lat' dir='ltr'>per</span> <span class='ocrx_word' id='word_1_128' title='bbox 1161 1342 1378 1406; x_wconf 88' lang='lat' dir='ltr'>majoris,</span> <span class='ocrx_word' id='word_1_129' title='bbox 1402 1342 1482 1390; x_wconf 93' lang='lat' dir='ltr'>vel</span> <span class='ocrx_word' id='word_1_130' title='bbox 1496 1325 1650 1410; x_wconf 46' lang='lat' dir='ltr'>{ffffieacta</span> 
     </span>
     <span class='ocr_line' id='line_1_25' title="bbox 81 1411 1716 1482; baseline -0.002 -13"><span class='ocrx_word' id='word_1_131' title='bbox 81 1419 310 1482; x_wconf 58' lang='lat' dir='ltr'>minoris,</span> <span class='ocrx_word' id='word_1_132' title='bbox 344 1418 424 1468; x_wconf 91' lang='lat' dir='ltr'>vel</span> <span class='ocrx_word' id='word_1_133' title='bbox 461 1417 720 1482; x_wconf 87' lang='lat' dir='ltr'>utriusque</span> <span class='ocrx_word' id='word_1_134' title='bbox 751 1418 1079 1466; x_wconf 86' lang='lat' dir='ltr'>mutationem</span> <span class='ocrx_word' id='word_1_135' title='bbox 1106 1418 1159 1467; x_wconf 93' lang='lat' dir='ltr'>in</span> <span class='ocrx_word' id='word_1_136' title='bbox 1193 1434 1482 1467; x_wconf 86' lang='lat' dir='ltr'>conversam</span> <span class='ocrx_word' id='word_1_137' title='bbox 1496 1412 1655 1455; x_wconf 70' lang='lat' dir='ltr'>q⁰⁰¹¹¹⁰d⁰</span> <span class='ocrx_word' id='word_1_138' title='bbox 1668 1411 1716 1445; x_wconf 62' lang='lat' dir='ltr'>fit·</span> 
     </span>
     <span class='ocr_line' id='line_1_26' title="bbox 64 1493 1486 1563; baseline -0.004 -16"><span class='ocrx_word' id='word_1_139' title='bbox 64 1496 186 1563; x_wconf 73' lang='lat' dir='ltr'>v--ipsi</span> <span class='ocrx_word' id='word_1_140' title='bbox 225 1494 640 1561; x_wconf 63' lang='lat' dir='ltr'>aequipollentem,</span> <span class='ocrx_word' id='word_1_141' title='bbox 676 1493 937 1550; x_wconf 84' lang='lat' dir='ltr'>oriuntur3</span> <span class='ocrx_word' id='word_1_142' title='bbox 980 1510 1042 1542; x_wconf 88' lang='lat' dir='ltr'>ex</span> <span class='ocrx_word' id='word_1_143' title='bbox 1077 1511 1174 1558; x_wconf 93' lang='lat' dir='ltr'>quo</span> <span class='ocrx_word' id='word_1_144' title='bbox 1210 1502 1486 1558; x_wconf 90' lang='lat' dir='ltr'>sequuntur</span> 
     </span>
     <span class='ocr_line' id='line_1_27' title="bbox 51 1570 1486 1636; baseline -0.003 -13"><span class='ocrx_word' id='word_1_145' title='bbox 51 1574 192 1633; x_wconf 53' lang='lat' dir='ltr'>{atres</span> <span class='ocrx_word' id='word_1_146' title='bbox 215 1572 324 1622; x_wconf 85' lang='lat' dir='ltr'>aliae</span> <span class='ocrx_word' id='word_1_147' title='bbox 345 1572 536 1636; x_wconf 85' lang='lat' dir='ltr'>figurae,</span> <span class='ocrx_word' id='word_1_148' title='bbox 572 1586 783 1634; x_wconf 89' lang='lat' dir='ltr'>quarum</span> <span class='ocrx_word' id='word_1_149' title='bbox 806 1570 917 1618; x_wconf 88' lang='lat' dir='ltr'>duae</span> <span class='ocrx_word' id='word_1_150' title='bbox 948 1570 1143 1619; x_wconf 81' lang='lat' dir='ltr'>inflexae</span> <span class='ocrx_word' id='word_1_151' title='bbox 1167 1579 1298 1630; x_wconf 89' lang='lat' dir='ltr'>sunt,</span> <span class='ocrx_word' id='word_1_152' title='bbox 1336 1571 1486 1619; x_wconf 91' lang='lat' dir='ltr'>tertia</span> 
     </span>
     <span class='ocr_line' id='line_1_28' title="bbox 66 1645 1485 1710; baseline -0.004 -9"><span class='ocrx_word' id='word_1_153' title='bbox 66 1648 302 1707; x_wconf 51' lang='grc' dir='ltr'>’ᾳίῃνθτεω</span> <span class='ocrx_word' id='word_1_154' title='bbox 372 1647 566 1696; x_wconf 89' lang='lat' dir='ltr'>Harum</span> <span class='ocrx_word' id='word_1_155' title='bbox 603 1645 756 1694; x_wconf 92' lang='lat' dir='ltr'>trium</span> <span class='ocrx_word' id='word_1_156' title='bbox 792 1646 954 1710; x_wconf 88' lang='lat' dir='ltr'>prima</span> <span class='ocrx_word' id='word_1_157' title='bbox 983 1647 1042 1695; x_wconf 84' lang='lat' dir='ltr'>fit</span> <span class='ocrx_word' id='word_1_158' title='bbox 1076 1663 1137 1695; x_wconf 88' lang='lat' dir='ltr'>ex</span> <span class='ocrx_word' id='word_1_159' title='bbox 1162 1647 1485 1696; x_wconf 85' lang='lat' dir='ltr'>conversione</span> 
     </span>
    </p>

    <p class='ocr_par' dir='ltr' id='par_1_13' title="bbox 58 1715 1486 1863">
     <span class='ocr_line' id='line_1_29' title="bbox 58 1715 1486 1791; baseline 0 -21"><span class='ocrx_word' id='word_1_160' title='bbox 58 1715 62 1770; x_wconf 78' lang='grc' dir='ltr'><strong><em>Ῐ</em></strong></span> <span class='ocrx_word' id='word_1_161' title='bbox 69 1724 293 1791; x_wconf 48' lang='grc'><strong>1111150115</strong></span> <span class='ocrx_word' id='word_1_162' title='bbox 316 1723 413 1773; x_wconf 89' lang='lat' dir='ltr'>hoc</span> <span class='ocrx_word' id='word_1_163' title='bbox 434 1722 584 1771; x_wconf 90' lang='lat' dir='ltr'>modo</span> <span class='ocrx_word' id='word_1_164' title='bbox 604 1742 617 1778; x_wconf 91' lang='lat'>;</span> <span class='ocrx_word' id='word_1_165' title='bbox 654 1721 754 1770; x_wconf 90' lang='lat' dir='ltr'>sint</span> <span class='ocrx_word' id='word_1_166' title='bbox 777 1722 976 1770; x_wconf 91' lang='lat' dir='ltr'>termini</span> <span class='ocrx_word' id='word_1_167' title='bbox 1000 1722 1299 1772; x_wconf 90' lang='lat' dir='ltr'>indirectum</span> <span class='ocrx_word' id='word_1_168' title='bbox 1317 1723 1486 1787; x_wconf 90' lang='lat' dir='ltr'>positi,</span> 
     </span>
     <span class='ocr_line' id='line_1_30' title="bbox 68 1788 1485 1863; baseline -0.003 -13"><span class='ocrx_word' id='word_1_169' title='bbox 68 1788 271 1863; x_wconf 41' lang='lat' dir='ltr'>{minoz</span> <span class='ocrx_word' id='word_1_170' title='bbox 288 1799 496 1860; x_wconf 74' lang='lat' dir='ltr'>mediuS,</span> <span class='ocrx_word' id='word_1_171' title='bbox 519 1799 695 1863; x_wconf 87' lang='lat' dir='ltr'>major,</span> <span class='ocrx_word' id='word_1_172' title='bbox 713 1798 811 1846; x_wconf 92' lang='lat' dir='ltr'>hoc</span> <span class='ocrx_word' id='word_1_173' title='bbox 826 1798 1000 1847; x_wconf 87' lang='lat' dir='ltr'>ordine</span> <span class='ocrx_word' id='word_1_174' title='bbox 1014 1799 1155 1847; x_wconf 82' lang='lat' dir='ltr'>homo</span> <span class='ocrx_word' id='word_1_175' title='bbox 1174 1806 1252 1847; x_wconf 74' lang='lat' dir='ltr'>est</span> <span class='ocrx_word' id='word_1_176' title='bbox 1277 1798 1485 1858; x_wconf 80' lang='lat' dir='ltr'>animal,</span> 
     </span>
    </p>

    <p class='ocr_par' dir='ltr' id='par_1_14' title="bbox 56 1874 1487 1948">
     <span class='ocr_line' id='line_1_31' title="bbox 56 1874 1487 1948; baseline -0.004 -19"><span class='ocrx_word' id='word_1_177' title='bbox 56 1877 173 1948; x_wconf 56' lang='lat' dir='ltr'>[aet</span> <span class='ocrx_word' id='word_1_178' title='bbox 201 1894 296 1926; x_wconf 81' lang='lat' dir='ltr'>non</span> <span class='ocrx_word' id='word_1_179' title='bbox 321 1876 475 1942; x_wconf 78' lang='lat' dir='ltr'>lapis,</span> <span class='ocrx_word' id='word_1_180' title='bbox 509 1876 569 1924; x_wconf 90' lang='lat' dir='ltr'>fit</span> <span class='ocrx_word' id='word_1_181' title='bbox 601 1875 763 1939; x_wconf 85' lang='lat' dir='ltr'>figura</span> <span class='ocrx_word' id='word_1_182' title='bbox 791 1874 982 1923; x_wconf 90' lang='lat' dir='ltr'>directa</span> <span class='ocrx_word' id='word_1_183' title='bbox 1022 1892 1133 1940; x_wconf 86' lang='lat' dir='ltr'>quae</span> <span class='ocrx_word' id='word_1_184' title='bbox 1168 1883 1487 1940; x_wconf 89' lang='lat' dir='ltr'>retorquetur</span> 
     </span>
    </p>

    <p class='ocr_par' dir='ltr' id='par_1_15' title="bbox 56 1948 1099 2024">
     <span class='ocr_line' id='line_1_32' title="bbox 56 1948 1099 2024; baseline -0.003 -20"><span class='ocrx_word' id='word_1_185' title='bbox 56 1949 182 2024; x_wconf 60' lang='lat' dir='ltr'>‘per</span> <span class='ocrx_word' id='word_1_186' title='bbox 204 1948 577 2004; x_wconf 87' lang='lat' dir='ltr'>conversionem</span> <span class='ocrx_word' id='word_1_187' title='bbox 599 1950 801 2015; x_wconf 89' lang='lat' dir='ltr'>majoris</span> <span class='ocrx_word' id='word_1_188' title='bbox 819 1953 916 2003; x_wconf 92' lang='lat' dir='ltr'>hoc</span> <span class='ocrx_word' id='word_1_189' title='bbox 934 1952 1099 2014; x_wconf 90' lang='lat' dir='ltr'>mod0,</span> 
     </span>
    </p>
   </div>
   <div class='ocr_carea' id='block_1_4' title="bbox 359 2061 1006 2204">
    <p class='ocr_par' dir='ltr' id='par_1_16' title="bbox 359 2061 1006 2204">
     <span class='ocr_line' id='line_1_33' title="bbox 359 2061 851 2122; baseline 0 -12"><span class='ocrx_word' id='word_1_190' title='bbox 359 2061 525 2111; x_wconf 87' lang='lat' dir='ltr'>Homo</span> <span class='ocrx_word' id='word_1_191' title='bbox 549 2068 627 2110; x_wconf 76' lang='lat' dir='ltr'>est</span> <span class='ocrx_word' id='word_1_192' title='bbox 646 2062 851 2122; x_wconf 80' lang='lat' dir='ltr'>animal,</span> 
     </span>
     <span class='ocr_line' id='line_1_34' title="bbox 361 2138 1006 2204; baseline 0.002 -18"><span class='ocrx_word' id='word_1_193' title='bbox 361 2138 527 2204; x_wconf 72' lang='lat' dir='ltr'>Lapis</span> <span class='ocrx_word' id='word_1_194' title='bbox 561 2144 638 2186; x_wconf 74' lang='lat' dir='ltr'>est</span> <span class='ocrx_word' id='word_1_195' title='bbox 673 2155 767 2186; x_wconf 80' lang='lat' dir='ltr'>non</span> <span class='ocrx_word' id='word_1_196' title='bbox 802 2138 1006 2199; x_wconf 78' lang='lat' dir='ltr'>animal,</span> 
     </span>
    </p>
   </div>
   <div class='ocr_carea' id='block_1_5' title="bbox 22 2255 1491 2859">
    <p class='ocr_par' dir='ltr' id='par_1_17' title="bbox 49 2255 1488 2400">
     <span class='ocr_line' id='line_1_35' title="bbox 56 2255 1488 2323; baseline -0.002 -15"><span class='ocrx_word' id='word_1_197' title='bbox 56 2267 67 2300; x_wconf 67' lang='grc' dir='ltr'>ἰ</span> <span class='ocrx_word' id='word_1_198' title='bbox 90 2265 151 2317; x_wconf 65' lang='lat' dir='ltr'>⁴et</span> <span class='ocrx_word' id='word_1_199' title='bbox 179 2259 270 2308; x_wconf 85' lang='lat' dir='ltr'>fiet</span> <span class='ocrx_word' id='word_1_200' title='bbox 302 2258 464 2323; x_wconf 88' lang='lat' dir='ltr'>figura</span> <span class='ocrx_word' id='word_1_201' title='bbox 501 2255 719 2305; x_wconf 89' lang='lat' dir='ltr'>secunda</span> <span class='ocrx_word' id='word_1_202' title='bbox 764 2256 866 2305; x_wconf 90' lang='lat' dir='ltr'>sive</span> <span class='ocrx_word' id='word_1_203' title='bbox 908 2257 1263 2306; x_wconf 90' lang='lat' dir='ltr'>indirectarum</span> <span class='ocrx_word' id='word_1_204' title='bbox 1298 2257 1488 2322; x_wconf 88' lang='lat' dir='ltr'>prima;</span> 
     </span>
     <span class='ocr_line' id='line_1_36' title="bbox 92 2332 1222 2400; baseline -0.004 -13.183"><span class='ocrx_word' id='word_1_205' title='bbox 92 2337 240 2400; x_wconf 62' lang='lat' dir='ltr'>nujus</span> <span class='ocrx_word' id='word_1_206' title='bbox 265 2333 516 2384; x_wconf 90' lang='lat' dir='ltr'>conclusio</span> <span class='ocrx_word' id='word_1_207' title='bbox 542 2332 653 2392; x_wconf 90' lang='lat' dir='ltr'>erit,</span> <span class='ocrx_word' id='word_1_208' title='bbox 679 2332 818 2380; x_wconf 80' lang='lat' dir='ltr'>homo</span> <span class='ocrx_word' id='word_1_209' title='bbox 843 2339 922 2381; x_wconf 76' lang='lat' dir='ltr'>est</span> <span class='ocrx_word' id='word_1_210' title='bbox 946 2350 1041 2381; x_wconf 79' lang='lat' dir='ltr'>non</span> <span class='ocrx_word' id='word_1_211' title='bbox 1067 2333 1222 2399; x_wconf 74' lang='lat' dir='ltr'>lapis.</span> 
     </span>
    </p>

    <p class='ocr_par' dir='ltr' id='par_1_18' title="bbox 22 2409 1491 2859">
     <span class='ocr_line' id='line_1_37' title="bbox 55 2409 1490 2476; baseline -0.001 -16"><span class='ocrx_word' id='word_1_212' title='bbox 55 2414 74 2476; x_wconf 67' lang='lat' dir='ltr'>J</span> <span class='ocrx_word' id='word_1_213' title='bbox 164 2411 296 2460; x_wconf 86' lang='lat' dir='ltr'>Nam</span> <span class='ocrx_word' id='word_1_214' title='bbox 309 2427 422 2459; x_wconf 91' lang='lat' dir='ltr'>cum</span> <span class='ocrx_word' id='word_1_215' title='bbox 437 2418 691 2459; x_wconf 87' lang='lat' dir='ltr'>ostensum</span> <span class='ocrx_word' id='word_1_216' title='bbox 705 2409 771 2457; x_wconf 88' lang='lat' dir='ltr'>sit</span> <span class='ocrx_word' id='word_1_217' title='bbox 779 2409 940 2473; x_wconf 89' lang='lat' dir='ltr'>capite</span> <span class='ocrx_word' id='word_1_218' title='bbox 954 2410 1267 2474; x_wconf 90' lang='lat' dir='ltr'>praecedente</span> <span class='ocrx_word' id='word_1_219' title='bbox 1280 2410 1490 2459; x_wconf 90' lang='lat' dir='ltr'>articulo</span> 
     </span>
     <span class='ocr_line' id='line_1_38' title="bbox 67 2485 1489 2550; baseline -0.002 -12"><span class='ocrx_word' id='word_1_220' title='bbox 67 2492 72 2529; x_wconf 73' lang='grc' dir='ltr'>ἶ</span> <span class='ocrx_word' id='word_1_221' title='bbox 97 2493 180 2548; x_wconf 61' lang='grc'><strong>14,</strong></span> <span class='ocrx_word' id='word_1_222' title='bbox 205 2502 466 2536; x_wconf 85' lang='lat' dir='ltr'>conversas</span> <span class='ocrx_word' id='word_1_223' title='bbox 488 2485 790 2534; x_wconf 83' lang='lat' dir='ltr'>universales</span> <span class='ocrx_word' id='word_1_224' title='bbox 819 2502 909 2550; x_wconf 91' lang='lat' dir='ltr'>per</span> <span class='ocrx_word' id='word_1_225' title='bbox 931 2487 1257 2536; x_wconf 86' lang='lat' dir='ltr'>terminorum</span> <span class='ocrx_word' id='word_1_226' title='bbox 1293 2494 1489 2535; x_wconf 88' lang='lat' dir='ltr'>contra-</span> 
     </span>
     <span class='ocr_line' id='line_1_39' title="bbox 22 2561 1491 2630; baseline -0.002 -16"><span class='ocrx_word' id='word_1_227' title='bbox 22 2589 26 2597; x_wconf 80' lang='lat'><em>,</em></span> <span class='ocrx_word' id='word_1_228' title='bbox 56 2563 370 2630; x_wconf 46' lang='lat' dir='ltr'>[dictionem</span> <span class='ocrx_word' id='word_1_229' title='bbox 392 2578 498 2611; x_wconf 91' lang='lat' dir='ltr'>esse</span> <span class='ocrx_word' id='word_1_230' title='bbox 522 2561 911 2626; x_wconf 80' lang='lat' dir='ltr'>aequipollenteS,</span> <span class='ocrx_word' id='word_1_231' title='bbox 945 2570 1156 2627; x_wconf 87' lang='lat' dir='ltr'>uterque</span> <span class='ocrx_word' id='word_1_232' title='bbox 1180 2563 1491 2628; x_wconf 85' lang='lat' dir='ltr'>syllogismus</span> 
     </span>
     <span class='ocr_line' id='line_1_40' title="bbox 98 2637 1491 2703; baseline -0.001 -16.033"><span class='ocrx_word' id='word_1_233' title='bbox 50 2635 232 2693; x_wconf 79' lang='lat' dir='ltr'>idem</span> <span class='ocrx_word' id='word_1_234' title='bbox 255 2638 550 2693; x_wconf 92' lang='lat' dir='ltr'>concludet;</span> <span class='ocrx_word' id='word_1_235' title='bbox 586 2653 702 2686; x_wconf 90' lang='lat' dir='ltr'>nam</span> <span class='ocrx_word' id='word_1_236' title='bbox 726 2637 768 2686; x_wconf 92' lang='lat' dir='ltr'>si</span> <span class='ocrx_word' id='word_1_237' title='bbox 801 2637 1022 2702; x_wconf 87' lang='lat' dir='ltr'>legamus</span> <span class='ocrx_word' id='word_1_238' title='bbox 1046 2641 1284 2703; x_wconf 86' lang='lat' dir='ltr'>majorem</span> <span class='ocrx_word' id='word_1_239' title='bbox 1317 2638 1491 2687; x_wconf 90' lang='lat' dir='ltr'>ordine</span> 
     </span>
     <span class='ocr_line' id='line_1_41' title="bbox 100 2713 1490 2780; baseline -0.001 -16.033"><span class='ocrx_word' id='word_1_240' title='bbox 100 2714 350 2769; x_wconf 57' lang='lat' dir='ltr'>contrario</span> <span class='ocrx_word' id='word_1_241' title='bbox 374 2714 531 2777; x_wconf 89' lang='lat' dir='ltr'>(more</span> <span class='ocrx_word' id='word_1_242' title='bbox 549 2713 898 2777; x_wconf 77' lang='lat' dir='ltr'>Hebraeorum)</span> <span class='ocrx_word' id='word_1_243' title='bbox 920 2714 1111 2762; x_wconf 79' lang='lat' dir='ltr'>animal</span> <span class='ocrx_word' id='word_1_244' title='bbox 1127 2722 1316 2762; x_wconf 78' lang='lat' dir='ltr'>estnon</span> <span class='ocrx_word' id='word_1_245' title='bbox 1337 2714 1490 2780; x_wconf 77' lang='lat' dir='ltr'>lapis,</span> 
     </span>
     <span class='ocr_line' id='line_1_42' title="bbox 54 2783 1488 2859; baseline -0.001 -18"><span class='ocrx_word' id='word_1_246' title='bbox 54 2783 83 2859; x_wconf 53' lang='grc' dir='ltr'>(ᾗ</span> <span class='ocrx_word' id='word_1_247' title='bbox 100 2791 274 2841; x_wconf 66' lang='lat' dir='ltr'>efflem</span> <span class='ocrx_word' id='word_1_248' title='bbox 297 2789 500 2840; x_wconf 90' lang='lat' dir='ltr'>omnino</span> <span class='ocrx_word' id='word_1_249' title='bbox 524 2789 619 2839; x_wconf 86' lang='lat' dir='ltr'>erit</span> <span class='ocrx_word' id='word_1_250' title='bbox 641 2789 770 2838; x_wconf 91' lang='lat' dir='ltr'>ratio</span> <span class='ocrx_word' id='word_1_251' title='bbox 795 2806 906 2854; x_wconf 88' lang='lat' dir='ltr'>quae</span> <span class='ocrx_word' id='word_1_252' title='bbox 939 2790 1102 2839; x_wconf 87' lang='lat' dir='ltr'>fuerat</span> <span class='ocrx_word' id='word_1_253' title='bbox 1125 2790 1261 2855; x_wconf 88' lang='lat' dir='ltr'>prius</span> <span class='ocrx_word' id='word_1_254' title='bbox 1286 2791 1488 2840; x_wconf 87' lang='lat' dir='ltr'>directa.</span> 
     </span>
    </p>
   </div>
  </div>
 </body>
</html>
