1936 3262
483 251 543 293 82
874 263 1247 298 PHILOSOPHIA
1275 266 1464 300 PRIMA.

259 373 375 404 PARS
399 374 450 406 ΙΙ.

336 417 364 449 7.

280 2183 366 2216 Quid
383 2184 424 2215 sit

284 2227 441 2268 Spatium.

481 369 723 429 tudinum,
761 379 999 430 motuum,
1039 388 1285 432 sonorum,
1322 375 1556 435 colorum,
1595 377 1677 424 &c-
1711 385 1860 442 atque
1884 367 1902 385 ”

482 444 631 492 etiam
655 461 824 493 eorum
848 447 1033 493 ordinis
1058 455 1108 494 et
1138 448 1384 510 partium;
1423 466 1532 513 quae
1568 451 1732 500 omnia
1767 453 1861 501 etsi

480 519 604 568 ideae
628 528 822 568 tantum
847 529 897 568 et
919 522 1264 584 phantasmata
1288 525 1402 581 sint,
1440 525 1535 588 ipsi
1571 525 1861 591 imaginanti
1900 526 1901 570 Ῐ

478 595 672 643 interne
695 596 984 655 accidentia,
1017 596 1332 646 nihilominus
1371 607 1606 663 tanquam
1643 609 1861 660 externa,

480 678 531 718 et
553 687 582 719 a
603 671 787 718 virtute
811 672 961 718 animi
984 672 1182 720 minime
1216 673 1559 737 dependentia,
1578 678 1862 741 apparitura

480 762 600 794 esse.
671 746 764 793 His
788 746 955 809 itaque
977 747 1178 795 nomina
1209 748 1500 811 imponeret,
1538 751 1644 799 haec
1668 752 1861 800 subtra-
1888 757 1900 813 T}

478 822 620 869 heret
656 830 1074 885 et'componeret.
1158 823 1280 871 Cum
1318 824 1448 872 enim
1485 826 1676 874 caeteris
1714 826 1927 876 rebus

478 897 740 944 destructis
759 913 958 944 manere
983 905 1148 945 tamen
1170 898 1419 947 hominem
1441 900 1594 960 illurn,
1629 902 1861 950 nimirum
1889 915 1891 918 ⁴

478 973 712 1035 cogitare,
746 972 1019 1035 imaginari,
1054 981 1105 1020 et
1139 973 1418 1022 meminisse
1442 977 1857 1038 supposuerimus,
1887 999 1889 1004 ’

477 1048 609 1096 aliud
625 1048 758 1111 quod
776 1048 961 1111 cogitet
979 1056 1307 1111 praeterquam
1325 1065 1434 1112 quae
1452 1051 1705 1113 praeterita
1724 1061 1856 1111 sunt,
1886 1082 1893 1108 s
1914 1041 1919 1049 Δ

477 1123 600 1171 nihil
636 1131 744 1178 est;
779 1123 878 1170 imo
915 1139 1031 1171 vero
1075 1124 1116 1171 si
1152 1124 1213 1171 ad
1256 1140 1328 1183 ea,
1369 1141 1477 1187 quae
1514 1126 1900 1175 ratiocinando*

477 1198 683 1246 facimus
703 1198 935 1256 animum,
961 1198 1223 1262 diligenter
1246 1200 1617 1258 adverterimus,
1637 1210 1858 1251 ne-stan-
1905 1218 1908 1252 1

476 1274 608 1321 tibus
667 1273 865 1337 quidem
921 1274 1067 1321 rebus
1120 1275 1252 1323 aliud
1299 1283 1654 1338 computamus,
1713 1293 1858 1340 quam
1888 1266 1911 1320 *f*

475 1349 822 1412 phantasmata
855 1357 1027 1415 nostra
1050 1370 1062 1404 3
1099 1366 1199 1398 non
1235 1351 1366 1399 enim
1389 1351 1431 1398 si
1455 1351 1565 1399 coeli
1605 1359 1691 1400 aut
1713 1360 1860 1400 terrae
1888 1384 1890 1386 -
1920 1354 1925 1390 ἶ

476 1424 839 1487 magnitudines
880 1432 1141 1488 motusque
1184 1434 1539 1490 computamus,
1585 1427 1638 1474 in
1680 1427 1859 1475 coelum

477 1500 799 1559 ascendimus,
843 1507 899 1548 ut
940 1500 1100 1563 ipsum
1138 1502 1190 1550 in
1227 1510 1393 1564 partes
1435 1502 1724 1562 dividamus,
1771 1509 1860 1550 aut

476 1581 640 1622 motus
665 1576 769 1637 ejus
794 1591 1146 1632 mensuremus,
1182 1577 1268 1624 sed
1302 1577 1456 1641 quieti
1478 1577 1531 1624 in
1554 1593 1755 1637 musaeo,
1779 1578 1859 1626 vel
1891 1623 1894 1625 ,

476 1650 527 1696 in
544 1650 776 1708 tenebris,
792 1650 843 1697 id
857 1650 1078 1698 facimus.
1131 1652 1342 1699 Possunt
1357 1660 1521 1699 autem
1538 1652 1856 1711 considerari,
1914 1663 1925 1704 ’ζ

475 1725 528 1772 id
552 1732 627 1772 est
650 1725 701 1772 in
725 1725 941 1772 rationes
964 1726 1131 1774 venire
1169 1727 1352 1790 duplici
1388 1727 1602 1786 nomine,
1627 1726 1859 1774 nimirum
1922 1732 1924 1734 ’

475 1808 533 1847 ut
556 1800 831 1848 accidentia
853 1801 1005 1848 animi
1040 1801 1250 1860 interna,
1292 1802 1704 1865 quemadmodum
1741 1817 1858 1850 con-
1894 1832 1922 1850 .«

477 1876 755 1923 siderantur
795 1875 991 1938 quando
1038 1877 1203 1939 agitur
1237 1877 1297 1924 de
1332 1876 1649 1924 facultatibus
1691 1877 1856 1935 animi,

475 1951 552 1998 vel
574 1958 632 1998 ut
656 1951 841 2013 species
866 1967 1030 1998 rerum
1054 1959 1383 2007 externarum,
1418 1951 1468 1999 id
1493 1958 1583 2010 est,
1623 1958 1858 2015 tanquam

475 2042 576 2073 non
600 2026 883 2084 existentes,
910 2026 997 2073 sed
1020 2026 1229 2073 existere
1255 2026 1356 2073 sive
1372 2033 1511 2073 extra
1530 2033 1661 2073 stare
1682 2042 1856 2090 appar·

477 2110 631 2161 entes,
657 2118 753 2165 quo
773 2102 920 2150 modo
943 2118 1076 2149 nunc
1101 2101 1458 2149 consideranda
1481 2109 1611 2148 sunt.
1895 2080 1923 2158 ‘J

542 2184 589 2225 2.
625 2178 736 2225 Jam
773 2177 814 2225 si
850 2177 1231 2236 meminerimus,
1271 2193 1357 2224 seu
1378 2177 1672 2240 phantasma
1703 2176 1856 2224 habu·

475 2253 655 2300 erimus
681 2253 886 2316 alicujus
909 2252 997 2309 rei,
1023 2269 1132 2315 quae
1157 2253 1392 2300 extiterat
1414 2259 1529 2299 ante
1554 2251 1856 2315 suppositam

474 2344 639 2375 rerum
681 2336 994 2375 externarum
1033 2327 1374 2385 sublationem,
1413 2342 1505 2373 nec
1547 2326 1862 2374 considerare
1894 2319 1906 2333 ’”

473 2404 695 2462 velimus,
736 2404 892 2466 qualis
929 2419 987 2450 ea
1020 2418 1098 2450 res
1135 2410 1256 2459 erat,
1294 2402 1380 2449 sed
1415 2401 1702 2464 simpliciter
1724 2402 1856 2468 quod
1910 2394 1921 2436 ³

476 2487 582 2528 erat
607 2487 747 2526 extra
770 2479 1002 2534 animum,
1039 2478 1274 2525 habemus
1298 2477 1364 2536 id,
1391 2476 1523 2540 quod
1556 2477 1856 2539 appellamus
1900 2472 1909 2492 ²

474 2555 708 2618 spatium,
733 2553 1076 2616 imaginarium
1101 2552 1312 2615 quidem,
1352 2551 1467 2614 quia
1488 2567 1678 2599 merum
1700 2552 1859 2614 phan-
1900 2550 1921 2605 ,Γ

475 2638 646 2687 tasma,
667 2629 754 2676 sed
777 2637 940 2676 tamen
960 2627 1082 2674 illud
1099 2627 1274 2689 ipsum,
1300 2627 1432 2689 quod
1454 2627 1515 2674 ab
1537 2626 1761 2674 omnibus
1786 2626 1856 2674 sic
1896 2628 1921 2672 “f

476 2705 764 2766 appellatur.
835 2704 993 2750 Nemo
1031 2702 1161 2749 enim
1200 2702 1412 2764 spatium
1446 2701 1558 2749 ideo
1590 2717 1694 2749 esse
1719 2701 1854 2759 dicit,
1899 2708 1912 2731 “³

477 2779 609 2841 quod
635 2787 928 2841 occupatum
946 2779 1049 2841 jam
1073 2777 1152 2836 sit,
1178 2772 1265 2824 sed
1280 2777 1412 2840 quod
1431 2777 1661 2840 occupari
1674 2776 1853 2839 possit3

476 2861 561 2900 aut
586 2870 794 2916 corpora
815 2852 925 2900 loca
949 2869 1036 2900 sua
1060 2869 1224 2900 secum
1249 2854 1536 2915 absportare
1550 2858 1744 2915 putant,
1769 2851 1907 2904 sed

475 2928 525 2975 in
552 2929 723 2976 eodem
759 2929 917 2992 spatio
953 2929 1099 2976 modo
1135 2945 1303 2986 unum,
1327 2927 1474 2975 modo
1510 2926 1657 2985 aliud,
1694 2926 1852 2974 conti-
1886 2908 1909 2983 {³-
