1910 3256
313 248 385 282 DE
413 248 693 283 ansmNE
720 250 788 283 ΕΤ
813 249 970 284 MOTU
996 250 1257 285 ANIMALI.
1399 244 1498 291 325,

68 355 263 411 ieram
284 366 374 421 est,
415 360 503 409 sed
541 361 988 410 considerationum
1028 361 1297 410 sentientis.
1369 363 1499 411 Con-
1546 370 1664 403 PARS
1683 369 1742 401 IV·

91 431 245 501 tingit
268 436 399 484 enim
420 437 472 486 in
513 437 750 485 memoria
786 437 942 485 simile
980 437 1099 500 quid
1139 437 1200 495 ei,
1226 438 1359 500 quod
1382 455 1500 487 con·
1554 415 1745 484 »fid

3 519 4 522 ’
71 506 244 577 fl'tingit
266 512 318 561 in
339 519 603 577 prospectu
626 513 690 561 ad
712 529 789 561 res
813 513 1121 577 longinquas.
1187 513 1317 561 Nam
1340 522 1397 562 ut
1418 515 1499 562 hic

72 603 357 653 corporum
389 595 553 652 partes
593 589 880 637 minutiores
924 605 1027 653 prae
1072 588 1225 636 nimia
1269 589 1502 638 distantia

77 660 197 729 ‘finon
220 671 504 725 cernuntur,
529 664 599 713 ita
631 665 731 712 illic
765 665 922 713 multa
943 664 1218 713 accidentia
1249 671 1299 712 et
1321 665 1430 713 loca
1453 673 1502 714 et

74 731 258 806 {partes
302 755 486 798 rerum,
531 740 753 789 sensibus
798 741 916 789 olim
973 747 1220 804 percepta,
1258 747 1501 789 vetustate

60 810 367 883 *abolentun
390 859 394 862 .
437 817 588 865 Ortus
621 823 886 880 perpetuus
908 823 1016 864 tum
1045 816 1368 864 sentientibus
1393 824 1502 865 tum

75 886 426 957 hogitantibus
463 892 878 956 phantasmatum,
925 892 979 941 id
1023 893 1186 956 ipsum
1231 899 1320 952 est,
1369 893 1503 956 quod

74 968 329 1033 appellari
368 969 491 1017 solet
526 968 678 1017 animi
718 969 998 1025 discursus;
1036 975 1086 1016 et
1126 969 1398 1017 communis
1429 978 1503 1017 est

43 1041 65 1090 ‚i
80 1035 374 1095 >'hominibus
397 1061 511 1093 cum
545 1045 733 1101 brutis3
769 1060 885 1093 nam
918 1044 975 1104 is,
1010 1044 1095 1108 qui
1118 1045 1318 1108 cogitat,
1342 1052 1501 1093 trans-

67 1115 263 1172 '⁴euntia
283 1120 628 1185 phantasmata
651 1128 918 1185 comparat,
943 1120 996 1168 id
1016 1127 1105 1179 est,
1131 1120 1501 1169 similitudinem

86 1190 174 1246 ‘vel
217 1196 663 1246 dissimilitudinem
719 1197 848 1245 inter
894 1212 953 1244 ea
1008 1196 1368 1245 animadvertit.
1439 1198 1503 1245 Et

91 1271 436 1322 similitudines
482 1273 681 1336 quidem
725 1273 854 1320 inter
890 1288 968 1320 res
1014 1272 1316 1320 diversarum
1361 1280 1503 1321 natu-

57 1389 63 1392 .
93 1347 261 1397 rarum
276 1349 355 1397 vel
371 1349 519 1414 longe
536 1349 666 1405 inter
689 1365 740 1398 se
764 1349 956 1397 dissitas
980 1349 1203 1397 celeriter
1224 1350 1500 1409 observare,

91 1423 398 1484 Phantasiae3
437 1425 854 1474 dissimilitudines
877 1431 1043 1473 autem
1067 1425 1195 1473 inter
1218 1441 1296 1473 res
1320 1425 1501 1474 similes

50 1491 57 1530 Ῐ
90 1499 329 1560 invenire,
359 1502 390 1550 J
393 1502 542 1550 udicii
564 1501 852 1565 plerumque
875 1502 981 1550 laus
1005 1501 1325 1550 existimatur.
1396 1502 1502 1550 Dif-

54 1582 58 1611 ἰ
91 1575 412 1626 ferentiarum
427 1585 592 1626 autem
606 1578 880 1626 observatio
894 1594 995 1626 non
1011 1585 1086 1626 est
1100 1594 1130 1626 a
1144 1578 1367 1626 sensione
1382 1594 1496 1642 pro-

53 1666 55 1670 ‘
91 1646 199 1717 prie
214 1653 348 1702 dicta
368 1655 528 1703 sensio
543 1654 722 1718 aliqua,
745 1670 836 1718 per
855 1654 1128 1702 sensorium
1147 1654 1348 1718 aliquod
1366 1670 1500 1702 com-

54 1784 56 1786 ,
92 1744 260 1788 mune,
277 1729 524 1788 distincta,
539 1730 627 1778 sed
640 1730 952 1778 manentibus
970 1730 1322 1794 aliquantisper
1344 1730 1500 1793 phan-

48 1835 51 1837 >
91 1805 314 1854 tasmatis
360 1806 753 1870 particularibus,
801 1806 1189 1854 differentiarum
1232 1806 1498 1862 memoria;

59 1923 64 1947 3,
88 1887 150 1931 ‘at
185 1881 332 1930 calidi
371 1889 422 1931 et
455 1882 608 1930 lucidi
632 1882 882 1931 distinctio
913 1882 1037 1930 nihil
1061 1882 1196 1930 aliud
1228 1883 1291 1931 sit
1317 1890 1500 1946 praeter

93 1957 275 2022 obJecti
299 1957 631 2007 calefacientis
656 1965 706 2006 et
728 1957 1052 2006 illuminantis
1075 1958 1382 2007 memoriam.

62 2087 90 2093 w
134 2038 208 2082 ’9.
244 2033 592 2082 Phantasmata
606 2034 953 2082 dormientium
968 2034 1158 2082 somnia
1172 2041 1300 2082 sunt.
1356 2034 1500 2083 Circa
1515 2046 1696 2085 Somnium,

3 2148 6 2150 -
43 2130 51 2170 j
90 2123 219 2179 quat,
265 2110 328 2159 ab
374 2110 677 2174 experientia
721 2109 955 2157 docemur
1001 2109 1232 2173 quinque.
1317 2110 1496 2170 Primo,
1515 2090 1600 2121 ”nde
1615 2090 1660 2121 fi*

48 2184 57 2247 s
92 2185 225 2250 quod
273 2193 389 2234 sunt
432 2186 666 2250 pleraque
711 2185 991 2234 inordinata
1036 2192 1086 2233 et
1130 2185 1497 2235 incohaerentia.

0 2269 2 2276 “
29 2259 57 2320 vJ
88 2260 336 2322 Secundo,
362 2262 496 2326 quod
534 2262 658 2310 nihil
689 2261 987 2310 somniamus
1022 2261 1116 2309 nisi
1152 2277 1262 2325 quae
1285 2278 1315 2309 a
1342 2262 1500 2325 phan-

39 2350 46 2372 1·
88 2335 312 2387 {asmatis
365 2339 602 2387 sensionis
653 2338 915 2403 praeteritae
964 2345 1078 2386 sunt
1131 2339 1402 2402 composita
1450 2346 1500 2387 et

8 2463 10 2466 ,
54 2419 57 2422 ’
87 2413 221 2463 fieta.
289 2415 474 2475 Tertio,
517 2414 650 2479 quod
689 2421 958 2462 nascuntur
998 2414 1263 2477 aliquando
1298 2414 1497 2477 quidem

0 2519 15 2556 J
50 2499 54 2502 ’
92 2504 155 2538 ex
182 2490 580 2554 phantasmatum
618 2491 671 2539 in
711 2491 1169 2539 dormiturientibus
1208 2491 1445 2554 paulatim
1468 2507 1499 2539 a

45 2578 62 2622 Ἀ
92 2567 416 2616 somnolentia
480 2574 826 2631 corruptorum
893 2566 1281 2630 interruptione3
1343 2582 1496 2630 quan-

12 2665 23 2702 ς
93 2637 253 2706 doque
290 2659 408 2692 vero
446 2643 499 2691 in
539 2643 704 2691 medio
751 2643 976 2691 oriuntur
1021 2659 1207 2690 somno.
1287 2642 1495 2703 Quarto,

87 2717 226 2782 ‘quod
237 2718 546 2784 vigilantium
564 2719 1015 2782 imaginationibus,
1030 2726 1212 2782 praeter
1231 2719 1494 2778 sensiones,

0 2786 8 2852 ,’
84 2788 310 2855 fortiora,
356 2794 443 2843 sed
486 2795 604 2859 ipsis
660 2794 965 2843 sensionibus
1023 2794 1243 2843 claritate
1290 2795 1497 2858 aequalia

8 2893 51 2920 με
94 2876 223 2918 sunt.
295 2870 500 2931 Quinto,
543 2870 677 2934 quod
722 2887 881 2934 neque
920 2870 1030 2918 loca
1074 2887 1233 2934 neque
1271 2879 1495 2935 aspectus
