1936 3262
465 274 467 276 ’
518 270 578 314 44
835 283 1186 327 COMPUTATIQ
1215 287 1338 321 SIVE
1366 289 1580 323 LOGICA.

282 405 398 438 PARS
416 408 448 439 Ι.

342 452 377 482 4.

295 1153 382 1186 Quid
396 1154 438 1185 sit

291 1197 325 1227 in
340 1197 446 1229 animo

290 1240 476 1281 syllogismo

287 1285 491 1324 respondens.

517 390 682 439 nullus
710 392 848 441 homo
868 401 945 442 est
968 395 1121 461 lapis,
1152 398 1394 463 quicquid
1414 416 1508 446 non
1532 405 1609 447 est
1632 399 1768 464 lapis
1792 418 1887 449 non

514 473 592 513 est
630 467 775 527 silex,
819 487 943 534 ergo
990 472 1155 520 nullus
1201 473 1339 521 homo
1384 481 1461 521 est
1506 474 1653 534 silex,
1692 476 1784 524 etsi
1829 494 1890 525 ex

514 541 671 590 tribus
692 552 885 592 constet
908 547 1167 609 negativiS,
1193 556 1267 596 est
1290 557 1455 596 tamen
1473 550 1734 613 legitimus.
1790 552 1886 600 Sed

514 618 744 680 quoniam
767 620 818 667 in
841 621 1150 685 philosophia
1173 626 1309 687 cujus
1334 632 1409 672 est
1429 625 1489 672 de
1507 626 1888 689 proprietatibus

512 708 677 741 rerum
716 695 910 758 regulas
953 704 1169 745 statuere
1208 698 1523 757 universales,
1570 706 1621 747 et
1659 701 1889 763 negativa

511 783 612 816 non
637 769 831 818 differat
849 772 910 819 ab
926 772 1230 831 affirmativa,
1254 773 1350 820 nisi
1374 774 1506 836 quod
1524 773 1576 821 in
1598 774 1692 822 hac
1705 791 1885 824 nomen

510 844 791 906 positivum,
823 846 875 894 in
911 847 994 895 illa
1030 848 1314 911 negativum
1351 849 1412 896 de
1449 849 1670 912 subjecto
1706 851 1885 899 affirm—

511 926 638 978 atur,
675 922 973 983 superfluum
997 931 1072 970 est
1095 923 1244 970 alium
1268 924 1469 972 modum
1502 924 1811 974 considerare
1833 926 1886 974 in

509 995 668 1058 figura
691 996 892 1056 directa,
916 1005 1097 1061 praeter
1121 1015 1233 1046 eum
1263 999 1316 1046 in
1339 1015 1435 1062 quo
1470 1015 1639 1047 omnes
1661 1002 1885 1064 proposi-

509 1070 669 1118 tiones
694 1079 810 1119 sunt
833 1081 883 1120 et
901 1074 1200 1121 universales
1226 1083 1276 1121 et
1295 1074 1612 1123 affirmativae.

577 1151 622 1193 8.
661 1146 951 1210 Syllogismo
989 1148 1176 1196 directo
1214 1149 1449 1211 cogitatio
1491 1149 1543 1196 in
1580 1149 1742 1198 animo
1780 1166 1882 1199 res-

507 1220 730 1282 pondens
763 1229 837 1268 est
865 1222 1174 1285 hujusmodi;
1222 1223 1380 1286 primo
1419 1224 1694 1287 concipitur
1723 1225 1880 1288 phan-

507 1301 665 1342 tasma
700 1296 772 1342 rei
812 1297 1077 1344 nominatae
1119 1314 1231 1345 cum
1266 1298 1520 1346 accidente
1563 1299 1663 1346 sive
1699 1301 1881 1348 affectu

507 1370 610 1432 ejus
633 1378 836 1434 propter
860 1388 1005 1434 quem
1039 1372 1313 1435 appellatur
1337 1388 1394 1419 eo
1429 1372 1627 1420 nomine
1652 1374 1782 1436 quod
1807 1383 1881 1423 est

504 1444 556 1492 in
591 1445 779 1494 minore
801 1447 1137 1510 propositione
1161 1447 1427 1509 subjectum
1446 1466 1464 1502 ,·
1501 1448 1676 1496 deinde
1717 1450 1880 1498 animo

506 1521 722 1569 occurrit
768 1522 1060 1584 phantasma
1105 1522 1322 1586 ejusdem
1358 1522 1430 1570 rei
1467 1539 1578 1570 cum
1624 1524 1900 1590 accidente-

503 1596 604 1643 sive
640 1597 821 1644 affectu
855 1606 1058 1660 propter
1098 1613 1242 1660 quem
1279 1613 1337 1645 eo
1374 1597 1571 1645 nomine
1606 1599 1881 1662 appellatur

500 1671 633 1734 quod
652 1680 728 1719 est
745 1673 797 1720 in
812 1673 982 1720 eadem
1000 1673 1335 1736 propositione
1351 1673 1702 1736 praedicatum.
1760 1675 1878 1723 Ter-

497 1746 568 1794 tio
593 1747 722 1795 redit
746 1747 980 1811 cogitatio
1004 1763 1173 1795 rursus
1197 1747 1260 1795 ad
1282 1763 1384 1794 rem
1407 1748 1727 1808 nominatam,
1764 1766 1876 1798 cum

496 1823 676 1870 affectu
709 1830 912 1886 propter
946 1839 1091 1886 quem
1125 1839 1182 1870 eo
1217 1822 1414 1870 nomine
1446 1823 1720 1886 appellatur
1741 1826 1875 1887 quod

497 1905 572 1945 est
594 1898 645 1945 in
667 1898 934 1961 praedicato
957 1898 1306 1961 propositionis
1330 1898 1544 1960 majoris,
1615 1899 1867 1949 Postremo

496 1989 608 2020 cum
647 1973 924 2020 meminerit
963 1989 1045 2021 eos
1082 1974 1285 2020 affectus
1319 1989 1423 2020 esse
1452 1989 1620 2021 omnes
1652 1975 1795 2022 unius
1820 1983 1871 2024 et

495 2048 712 2111 ejusdem
748 2048 835 2106 rei,
879 2048 1130 2095 concludit
1170 2047 1267 2095 tria
1302 2048 1385 2095 illa
1419 2048 1620 2096 nomina
1651 2050 1869 2112 ejusdem

494 2140 688 2187 quoque
728 2123 800 2170 rei
838 2138 943 2170 esse
982 2123 1210 2178 nomina;
1256 2123 1351 2171 hoc
1393 2131 1469 2170 est
1505 2123 1868 2172 conclusionem

493 2215 598 2246 esse
613 2215 793 2246 veram.
847 2198 1069 2261 Exempli
1089 2214 1249 2256 causa,
1270 2198 1465 2261 quando
1480 2198 1537 2245 fit
1556 2198 1863 2262 syllogismus

490 2274 587 2332 hio,
619 2274 756 2321 homo
796 2279 874 2320 est
909 2273 1110 2330 animal,
1153 2272 1341 2319 animal
1374 2279 1451 2320 est
1490 2289 1687 2337 corpus,
1730 2291 1864 2338 ergo,

489 2349 627 2395 homo
669 2355 746 2395 est
786 2364 984 2410 corpus,
1023 2347 1237 2395 occurrit
1268 2347 1430 2395 animo
1458 2348 1620 2411 imago
1652 2347 1863 2397 hominis

488 2423 735 2486 loquentis
757 2422 835 2469 vel
858 2422 1156 2480 disserentis,
1190 2422 1508 2485 meminitque
1544 2422 1596 2469 id
1635 2423 1768 2486 quod
1792 2424 1862 2472 sic

486 2506 690 2561 apparet
711 2497 876 2545 vocari
899 2497 1149 2544 hominem.
1219 2497 1407 2545 Deinde
1442 2498 1658 2546 occurrit
1691 2499 1861 2547 eadem

485 2574 647 2636 imago
673 2572 888 2636 ejusdem
912 2571 1123 2618 hominis
1140 2587 1243 2618 sese
1262 2572 1519 2630 moventis,
1540 2573 1858 2637 meminitque

485 2649 537 2696 id
557 2648 689 2711 quod
708 2648 777 2695 sic
801 2654 1004 2710 apparet
1022 2646 1188 2693 vocari
1206 2645 1407 2693 animal.
1465 2647 1633 2695 Tertio
1648 2649 1857 2696 recurrit

484 2724 654 2770 eadem
677 2724 837 2785 imago
860 2721 1072 2769 hominis
1094 2721 1257 2768 locum
1287 2720 1499 2784 aliquem
1521 2722 1622 2769 sive
1646 2723 1856 2785 spatium

484 2798 785 2861 occupantis,
803 2796 1121 2859 meminitque
1143 2795 1196 2842 id
1219 2796 1350 2858 quod
1373 2796 1443 2843 sic
1466 2804 1668 2859 apparet
1690 2798 1855 2845 vocari

483 2890 682 2937 corpus.
751 2873 1003 2921 Postremo
1029 2887 1139 2919 cum
1162 2871 1439 2919 meminerit
1462 2888 1565 2920 rem
1589 2872 1721 2920 illam
1745 2890 1854 2936 quae
