1936 3262
487 254 547 296 34
803 266 1154 302 COMPUTATIO
1183 269 1307 302 SIVE
1334 270 1548 305 LOGICA.

250 393 367 426 PARS
385 393 413 424 1.
487 388 777 438 quocunque
801 383 1022 440 tempore
1046 379 1363 441 supponimus
1398 380 1470 428 rei
1503 380 1650 428 alicui
1683 397 1862 431 eonve-

252 460 418 506 „4⁴
485 448 591 496 nire
632 465 812 498 nomen
857 452 1011 510 homo,
1059 452 1217 500 eidem
1261 455 1333 502 rei
1373 455 1631 503 conveniet
1671 471 1836 520 quoqu

484 540 663 572 nomen
692 526 891 574 animal.
966 527 1272 592 Contingens
1304 545 1422 577 vero
1459 538 1534 578 est
1572 546 1681 593 quae
1718 531 1863 580 modo

483 616 614 659 vera,
639 602 785 649 modo
809 602 932 650 falsa
955 618 1060 650 esse
1083 611 1263 666 potest,
1298 612 1356 652 ut
1390 605 1545 652 omnis
1577 621 1752 654 corvus
1787 613 1874 662 est,

483 675 632 739 niger
647 694 666 730 ;
700 677 847 724 hodie
872 677 1069 740 quidem
1093 679 1379 742 contingere
1397 687 1564 743 potest
1578 687 1635 728 ut
1649 680 1714 728 sit
1730 697 1862 740 vera,

483 750 579 797 alio
603 758 824 814 tempore
846 759 904 799 ut
928 753 992 800 sit
1010 753 1146 801 falsa.
1218 754 1405 802 Rursus
1439 755 1491 802 in
1527 755 1660 803 omni
1686 771 1865 819 propo-

484 824 662 873 sitione
685 827 975 885 neeessaria,
1002 828 1339 891 prcedz'eatnm
1361 829 1439 877 vel
1463 829 1723 892 aequivalet
1750 831 1873 883 sub-3
1911 865 1912 869 =

477 901 628 963 jecto,
664 910 720 949 ut
753 902 804 949 in
836 902 929 950 hac
966 902 1105 950 homo
1141 910 1218 951 est
1257 904 1447 951 animal
1485 903 1752 963 rationale,
1786 905 1866 954 vel

481 991 594 1038 pars
620 977 956 1039 aequivalentis
985 986 1076 1036 est,
1110 986 1168 1025 ut
1192 979 1245 1026 in
1269 979 1362 1026 hac
1385 979 1522 1026 homo
1545 986 1624 1027 est
1654 979 1858 1028 animal.

483 1050 807 1114 Componitur
844 1053 974 1101 enim
1013 1070 1193 1101 nomen
1233 1055 1328 1102 hoe
1365 1054 1554 1101 animal
1592 1054 1861 1115 rationale,

482 1125 583 1173 sive
611 1126 766 1185 lzomo,
803 1143 863 1174 ex
898 1127 1104 1186 duobus,
1139 1128 1328 1175 animal
1358 1135 1409 1176 et
1440 1128 1706 1177 rationale.
1793 1130 1863 1177 A¹

480 1200 533 1247 in
575 1200 894 1264 contingente
927 1202 1024 1250 hoc
1053 1219 1154 1250 non
1185 1204 1258 1262 fit,
1305 1219 1420 1251 nam
1454 1203 1548 1250 etsi
1582 1219 1700 1252 vera
1733 1211 1867 1252 esset

481 1276 637 1322 omnis
662 1275 800 1323 homo
824 1283 901 1323 est
923 1277 1150 1336 mendam,
1182 1278 1412 1341 quoniam
1435 1285 1599 1326 tamen
1619 1294 1714 1326 vox
1732 1295 1862 1326 men-
1919 1284 1921 1286 ’

480 1350 601 1409 dax,
626 1366 727 1398 non
746 1358 822 1398 est
838 1367 952 1415 pars
975 1352 1188 1400 nominis
1209 1353 1482 1416 compositi,
1508 1353 1587 1401 cui
1605 1351 1868 1416 aequivalet
1914 1344 1921 1360 '³

478 1441 660 1473 nomen
679 1426 833 1485 homo,
853 1443 955 1475 non
979 1427 1170 1475 dicetur
1192 1428 1275 1475 illa
1293 1427 1565 1492 propositio
1587 1429 1869 1477 necessari:
1901 1423 1911 1495 f*

480 1502 567 1549 sed
608 1502 916 1565 contingens,
963 1503 1155 1551 etiamsi
1197 1519 1387 1566 semper
1427 1503 1498 1551 ita
1535 1504 1863 1567 contingeret.»
1898 1498 1903 1554 ,’

479 1576 782 1624 Necessariae
798 1577 963 1639 itaque
977 1579 1339 1641 propositiones
1358 1578 1454 1626 illae
1473 1585 1588 1626 sunt
1609 1594 1718 1641 quae
1736 1594 1861 1627 sem-
1895 1570 1921 1635 ᾗ

479 1652 688 1715 piternae
721 1652 944 1699 veritatis
969 1660 1099 1700 sunt.
1895 1654 1898 1667 '

545 1728 678 1775 Hine
694 1743 887 1790 quoque
906 1727 1221 1775 manifestum
1236 1735 1311 1775 est
1325 1728 1585 1776 veritatem
1599 1744 1701 1776 non
1714 1728 1865 1776 rebu
1904 1731 1909 1785 ᾗ

477 1802 565 1850 sed
598 1803 902 1850 orationibus
937 1802 1203 1860 adhaerere,
1239 1802 1471 1850 veritates
1513 1802 1644 1850 enim
1685 1802 1862 1866 aliqu.
1921 1855 1923 1858 ι

478 1886 679 1925 aeternae
718 1884 861 1931 sunt3
899 1893 1090 1940 semper
1123 1877 1254 1924 enim
1287 1893 1458 1924 verum
1495 1877 1590 1924 erit
1622 1877 1670 1924 .ςὶ
1703 1866 1865 1937 homo}
1919 1924 1921 1931 ,

477 1959 576 2000 tum
600 1951 788 2000 animal
800 1971 818 2007 ;
855 1960 913 2000 ut
936 1960 1102 2000 autem
1124 1953 1288 2010 homo,
1325 1959 1412 2000 aut
1439 1952 1619 2000 animal
1642 1951 1694 2000 in
1717 1959 1860 2000 aeter-
1919 1959 1921 1963 “

478 2044 598 2075 1111111
623 2028 802 2075 existat
824 2043 1025 2075 neeesse
1047 2043 1149 2075 non
1173 2034 1263 2075 est.
1907 2033 1915 2095 ᾗ

226 2107 412 2158 Οπεεοῐίοᾳ
427 2111 460 2139 et
548 2110 623 2151 11.
663 2104 813 2151 Sexta
836 2102 1088 2150 distinctio
1111 2102 1506 2166 propositionum
1541 2108 1616 2149 est
1646 2101 1699 2149 in
1722 2107 1859 2149 eate-

229 2150 457 2192 Hyp⁰thet¹⁰a‘
473 2179 706 2242 gorieam
745 2186 795 2226 et
831 2177 1218 2241 hypotheticam.
1292 2175 1600 2240 Categorica
1639 2182 1715 2224 est
1749 2191 1858 2239 quae

476 2253 764 2317 simpliciter
788 2253 889 2301 sive
913 2251 1135 2300 absolute
1152 2251 1471 2315 pronuntiata
1489 2257 1592 2305 est3
1628 2258 1686 2298 ut
1702 2251 1858 2298 omnis

472 2328 612 2376 homo
637 2335 715 2376 est
737 2327 956 2375 animal:
991 2326 1157 2374 nullus
1180 2326 1317 2373 homo
1342 2332 1420 2373 est
1437 2324 1604 2372 arbor.
1673 2324 1856 2389 Hypo·
1911 2355 1914 2367 1

475 2403 681 2462 thetica,
719 2419 827 2465 quae
852 2401 1277 2456 conditionaliter3
1313 2407 1370 2448 ut
1393 2400 1439 2447 si
1462 2399 1575 2463 quis
1599 2399 1737 2447 homo
1759 2406 1854 2458 est,
1909 2432 1914 2437 -

474 2480 520 2527 is
545 2479 696 2526 etiam
719 2477 907 2525 animal
927 2483 1005 2525 est
1018 2495 1038 2532 ;
1073 2477 1120 2523 si
1144 2477 1257 2540 quis
1275 2476 1413 2523 homo
1431 2481 1524 2531 est,
1542 2474 1588 2522 is
1607 2474 1744 2538 lapis
1758 2491 1854 2522 non

474 2561 566 2603 est.
641 2553 967 2617 Categoriea,
1001 2558 1051 2599 et
1074 2551 1398 2615 hypothetica
1420 2550 1515 2613 ipsi
1552 2549 1854 2613 respondens

474 2631 527 2678 in
549 2628 966 2693 propositionibus
989 2626 1275 2674 necessariis
1309 2626 1441 2673 idem
1472 2625 1765 2688 significant,
1800 2623 1869 2672 111

477 2704 879 2767 contingentibus
903 2719 1004 2750 non
1026 2702 1184 2757 idem3
1221 2701 1430 2764 exempli
1467 2716 1628 2758 causa,
1670 2699 1711 2747 si
1745 2699 1853 2748 haee
1886 2714 1903 2766 ς

476 2780 630 2827 omnis
654 2780 792 2827 homo
816 2785 893 2825 est
916 2776 1105 2824 animal
1124 2793 1240 2824 vera
1263 2777 1342 2835 sit,
1366 2792 1483 2824 vera
1517 2790 1709 2838 quoque
1740 2774 1849 2834 erit,
1887 2823 1907 2842 ,ι

474 2853 520 2900 si
539 2854 652 2917 quis
676 2854 813 2901 homo
837 2859 928 2911 est,
953 2852 998 2899 εἶς·
1022 2851 1172 2899 etiam
1195 2850 1384 2899 animal
1403 2857 1481 2898 est
1495 2869 1514 2905 ;
1550 2849 1636 2897 sed
1657 2849 1709 2896 in
1731 2865 1849 2897 eon-
1889 2887 1913 2918 ,ἶ
