1936 3262
238 357 354 388 PARS
379 357 445 388 111.

314 402 364 431 21.

194 493 304 524 Motus
318 493 451 533 simplex

192 537 323 577 dissipat
332 536 452 567 hetero-

195 590 302 619 genea,
321 589 450 619 congre-

195 627 249 663 gat
259 622 454 662 homogenea

468 230 563 274 264
797 242 866 274 DE
893 241 1228 274 RATIONIBUS
1254 240 1510 274 Mo'rUUM.

467 352 805 415 heterogenea,
832 369 931 400 non
954 360 1066 400 sunt
1090 351 1338 399 dissimilia
1353 359 1591 414 quatenus
1610 366 1841 414 corpora,

471 425 604 487 (nam
633 434 689 474 ut
723 443 928 490 corpora
960 442 1060 474 non
1095 425 1344 487 differunt)
1383 424 1467 473 sed
1501 440 1588 487 per
1621 424 1846 487 aliquam.

469 516 662 548 causam
707 501 979 564 specialem,
1033 500 1085 548 id
1129 508 1217 558 est,
1259 515 1347 563 per
1390 506 1552 546 motus
1597 498 1829 561 quosdam

468 576 680 639 partium
720 592 915 623 suarum
954 575 1277 633 minimarum,
1319 575 1419 622 sive
1458 581 1646 622 motum
1681 573 1831 622 inter-

469 667 587 698 num
624 651 889 711 (ostensum
924 650 1052 697 enim
1089 657 1163 697 est
1201 666 1306 713 cap.
1327 665 1405 697 lx.
1442 655 1532 697 art.
1556 653 1604 707 9,
1640 664 1833 699 omnem

470 726 791 774 mutationem
819 741 922 774 esse
953 732 1139 773 motum
1165 725 1452 787 internum),
1475 723 1726 772 habebunt
1746 723 1852 773 he-e}

470 807 731 864 terogenea
765 801 1045 848 differentes
1074 800 1201 847 inter
1236 815 1286 847 se
1309 807 1468 847 motus
1492 799 1710 847 internos
1733 798 1835 847 sive
1854 823 1860 842 ·.

472 876 737 938 specificos.
808 875 931 924 Quae
967 883 1132 922 autem
1170 874 1239 922 sic
1270 874 1515 933 differunt,
1550 881 1739 922 motum
1771 873 1857 922 ab*

473 958 673 998 externo
698 965 1002 998 communem
1036 949 1333 997 dissimiliter
1365 949 1633 1013 patiuntur.
1702 948 1835 997 Qua-

472 1032 672 1088 propter
694 1041 794 1073 non
816 1025 1034 1072 ferentur
1062 1040 1175 1083 una,
1207 1024 1302 1072 hoc
1331 1032 1420 1083 est,
1458 1024 1860 1087 dissipabuntur.v

474 1100 720 1163 Dissipata
763 1108 927 1148 autem
970 1099 1188 1147 incident
1232 1099 1491 1162 aliquando
1536 1099 1587 1147 in
1633 1114 1840 1162 corpora

475 1175 567 1222 sibi
603 1175 790 1234 similia,
825 1190 1017 1238 unaque
1053 1191 1163 1222 cum
1196 1174 1312 1237 ipsis
1344 1181 1394 1222 et
1424 1174 1645 1222 similiter
1677 1190 1845 1222 move-

475 1250 673 1308 buntur,
711 1257 761 1298 et
795 1250 901 1297 haec
941 1266 1131 1313 quoque
1165 1249 1216 1296 in
1251 1249 1346 1297 alia
1373 1249 1546 1297 similia
1574 1248 1838 1297 incidentia

475 1325 706 1373 unientur
724 1332 774 1372 et
795 1326 915 1372 fient
936 1326 1133 1388 majora.
1204 1325 1368 1373 Quare
1397 1324 1700 1388 homogenea
1734 1324 1861 1387 qui·¹
1887 1316 1894 1320 ’

478 1399 587 1446 dem
620 1400 672 1447 in
703 1399 878 1456 medio,
912 1400 997 1447 ubi
1029 1400 1315 1447 naturaliter
1349 1400 1604 1458 fluctuant,
1640 1415 1670 1447 a
1701 1407 1840 1447 motu
1863 1412 1866 1414 ’

478 1475 693 1538 simplice
712 1482 1071 1538 congregantur
1087 1496 1098 1530 3
1135 1475 1461 1538 heterogenea
1472 1490 1588 1523 vero
1604 1474 1840 1538 dissipan-
1861 1495 1864 1500 ’

476 1558 571 1597 tur.
640 1550 840 1608 RurSUS,
867 1566 974 1612 quae
997 1550 1048 1596 in
1073 1550 1242 1597 eodem
1270 1550 1455 1613 liquido
1479 1565 1579 1597 non
1601 1550 1841 1598 fluctuant
1867 1595 1869 1597 ,
1893 1588 1899 1591 «

477 1625 563 1672 sed
586 1625 856 1684 subsidunt,
881 1625 921 1672 si
942 1626 993 1672 in
1025 1641 1082 1672 ea
1104 1633 1265 1672 motus
1287 1625 1460 1688 liquidi
1483 1625 1702 1672 incurrat
1724 1625 1840 1672 satis
1935 1682 1936 1690 ἵ

474 1715 679 1763 magnus
725 1700 788 1747 ad
833 1715 891 1747 ea
935 1700 1226 1759 suscitanda,
1280 1700 1646 1748 suscitabuntur
1692 1707 1840 1763 atque
1873 1719 1876 1721 ’

476 1782 683 1838 agentur
728 1775 791 1822 ad
837 1783 1024 1823 motum
1080 1775 1228 1838 ipsius
1279 1775 1481 1838 liquidi;
1539 1782 1588 1823 et
1635 1774 1841 1838 proinde

477 1850 802 1913 impedientur
839 1867 902 1898 ne
941 1851 1102 1898 locum
1146 1858 1384 1913 repetant,
1425 1850 1510 1898 ubi
1557 1850 1842 1898 naturaliter
1876 1892 1877 1897 ,

478 1924 733 1972 subsidunt
755 1933 805 1973 et
827 1926 878 1972 in
911 1942 1006 1988 quo
1045 1926 1146 1973 solo
1173 1926 1407 1972 uniuntur
1443 1933 1493 1973 et
1527 1932 1666 1973 extra
1698 1941 1841 1988 quem

476 2000 748 2062 promiscue
771 2000 1009 2058 feruntur,
1034 2000 1084 2047 id
1108 2008 1195 2058 est,
1221 1999 1599 2047 confunduntur.

543 2074 709 2121 Motus
733 2082 896 2122 autem
927 2075 1007 2122 hic
1032 2091 1125 2137 quo
1149 2075 1453 2138 homogenea
1483 2081 1843 2138 congregantur

477 2157 528 2196 et
560 2149 887 2213 heterogenea
921 2149 1280 2212 disperguntur,
1316 2149 1358 2196 is
1393 2157 1482 2208 est,
1519 2165 1661 2211 quem
1695 2149 1840 2212 vulgo

476 2231 655 2271 vocant
671 2224 1128 2288 fermentati-onem,
1158 2240 1187 2271 a
1208 2224 1478 2288 fervendO,
1510 2232 1566 2271 ut
1600 2231 1650 2271 et
1685 2224 1841 2272 Graeci

478 2301 605 2358 ζΰμην
641 2316 671 2347 a
705 2303 793 2353 ζέω.
886 2299 1013 2347 Nam
1052 2307 1102 2347 et
1143 2316 1269 2362 aqua
1309 2299 1583 2348 fervescens
1623 2299 1742 2346 facit
1785 2306 1841 2346 ut

477 2381 640 2437 partes
665 2390 763 2422 suae
787 2375 989 2438 singulae
1018 2375 1164 2422 situm
1199 2383 1406 2433 mutent,
1438 2382 1588 2437 utque
1625 2375 1728 2437 ejus
1753 2373 1842 2432 rei,

479 2466 587 2512 quae
604 2450 656 2496 in
678 2450 832 2513 ipsam
850 2458 1032 2497 motam
1049 2450 1281 2513 injicitur,
1301 2450 1554 2513 particulae
1570 2465 1659 2512 pro
1684 2447 1840 2496 diver-

480 2524 544 2571 sis
567 2524 780 2587 ipsarum
802 2525 988 2573 naturis
1012 2525 1063 2572 in
1091 2525 1282 2572 diversa
1312 2525 1601 2572 discurrant.
1670 2524 1842 2586 Neque

479 2606 642 2647 tamen
665 2600 828 2648 fervor
851 2600 1007 2647 omnis
1032 2600 1091 2647 ab
1115 2600 1228 2663 igne
1254 2608 1328 2647 est
1349 2621 1360 2655 ;
1396 2616 1509 2647 nam
1542 2607 1592 2647 et
1627 2606 1844 2646 mustum

480 2675 681 2738 aliaeque
716 2690 793 2723 res
828 2675 1093 2723 innumerae
1134 2691 1270 2722 suam
1303 2690 1496 2737 quoque
1530 2673 1713 2721 habent
1745 2672 1842 2720 fer-

479 2750 827 2798 mentationem
874 2758 923 2797 et
967 2749 1222 2808 fervorem,
1269 2765 1360 2797 nec
1414 2757 1576 2797 tamen
1623 2749 1683 2797 ab
1728 2748 1844 2810 igne
