1936 3262
546 267 658 297 vrrAE
681 268 928 297 noBmANAE
949 266 1236 296 AUCTARIUM.
1511 252 1615 294 xxix

208 380 338 423 Anno
362 382 467 424 1637
489 395 586 422 cum
613 389 789 436 patrono
822 379 865 420 in
899 379 1078 436 patriam
1111 392 1314 427 reversus,
1352 377 1614 435 efflagraturi

150 471 275 529 paulo
293 480 388 528 post
405 470 506 513 belli
527 469 712 512 intestini
732 469 932 511 scintillas
952 468 1287 511 animadvertere
1308 468 1387 510 sibi
1405 468 1513 510 visus
1529 478 1604 510 est.

152 545 319 620 Nempe
341 563 468 613 Senti,
490 561 671 619 depulsis
691 562 906 619 episcopis,
930 562 973 603 in
995 561 1157 619 regiam
1173 562 1433 617 majestatem
1453 560 1611 602 invola-

151 654 268 706 bant,
301 654 537 697 faventibus
570 654 741 696 interim
774 654 1041 712 quibusdam,
1077 669 1180 711 quos
1206 662 1357 695 vocant
1392 651 1614 693 Ministros

153 744 509 803 Presbyterianos,
523 745 695 803 Anglis3
718 745 966 802 turpissimis
979 744 1232 787 seditionum
1246 742 1435 787 flabellis.
1469 742 1615 792 Quare

151 835 250 878 huic
282 836 405 888 malo,
435 846 641 895 quantum
663 838 706 879 in
727 852 770 879 se
791 846 893 888 erat,
917 835 1224 879 occurrendum
1246 844 1374 886 ratus,
1414 845 1505 877 tum
1537 850 1615 891 pro

151 941 226 970 suo
245 927 290 969 in
310 942 452 985 regem
473 928 607 971 officio
633 938 761 986 atque
781 927 995 985 obsequio,
1022 937 1111 969 tum
1138 941 1214 983 pro
1245 926 1492 976 decumano,
1526 941 1611 983 quo

149 1033 313 1076 semper
333 1018 376 1060 in
397 1018 695 1061 democraticos
716 1018 813 1061 odio
837 1018 1055 1068 laboravit,
1086 1017 1279 1060 libellum
1309 1017 1474 1074 scripsit
1498 1017 1607 1073 juris

150 1109 257 1167 regii
270 1108 482 1152 asserendi
497 1109 645 1166 gratia,
669 1109 741 1166 qui
757 1119 900 1166 postea
917 1109 958 1150 in
976 1109 1134 1151 librum
1156 1112 1223 1152 De
1246 1109 1358 1159 Cive,
1376 1117 1418 1150 et
1436 1107 1608 1150 tandem

149 1199 196 1242 in
218 1201 522 1244 Leviatlaanem
551 1200 747 1242 excrevit.
810 1200 914 1257 Ejus
934 1210 1076 1242 autem
1097 1214 1261 1242 summa
1280 1199 1373 1242 haec
1394 1198 1487 1249 fuit,
1520 1198 1611 1241 sine

151 1307 254 1350 pace
288 1292 586 1350 impossibilem
618 1308 705 1336 esse
737 1293 1081 1343 incolumitatem,
1116 1293 1206 1334 sine
1239 1291 1414 1349 imperio
1451 1305 1612 1348 pacem,

152 1383 242 1426 sine
270 1384 397 1426 armis
426 1384 662 1441 imperium,
700 1384 789 1426 sine
815 1384 965 1441 opibus
1003 1384 1046 1424 in
1081 1398 1210 1425 unam
1245 1398 1418 1425 manum
1454 1382 1615 1425 collatis

153 1474 259 1517 nihil
279 1475 417 1518 valere
436 1490 567 1529 arma,
586 1491 725 1533 neque
746 1486 861 1517 metu
883 1490 1096 1517 armorum
1129 1475 1353 1532 quicquam
1385 1474 1439 1516 ad
1469 1489 1615 1531 pacem

153 1565 300 1623 profici
331 1581 450 1623 posse
484 1566 528 1608 in
563 1566 656 1617 illis,
695 1581 800 1624 quos
835 1566 890 1608 ad
924 1565 1204 1623 pugnandum
1240 1564 1422 1607 concitat
1458 1564 1616 1607 malum

154 1667 289 1700 morte
309 1658 441 1714 magis
471 1657 811 1708 formidandum3
843 1672 1009 1713 nempe,
1031 1656 1133 1698 dum
1162 1671 1411 1698 consensum
1446 1671 1530 1698 non
1563 1656 1617 1698 sit

153 1748 208 1791 de
227 1748 277 1791 iis
297 1749 436 1800 rebus,
459 1763 555 1807 quae
575 1748 631 1791 ad
651 1749 827 1791 salutem
859 1758 1062 1791 aeternam
1093 1748 1337 1790 necessariae
1369 1747 1614 1799 creduntur,

154 1855 301 1898 pacem
321 1840 432 1883 inter
451 1840 560 1883 cives
581 1855 668 1883 non
689 1855 808 1897 posse
828 1855 916 1882 esse
936 1839 1195 1882 diuturnam.

215 1933 397 1983 Interea,
434 1932 544 1975 coelo
579 1932 826 1975 criminibus
861 1932 1012 1974 nostris
1040 1931 1217 1982 infenso,
1251 1940 1296 1973 et
1327 1930 1444 1973 fatali
1477 1931 1616 1988 gentis

157 2033 312 2066 nostrae
334 2022 576 2074 infortunio,
599 2023 832 2080 gliscebant
843 2022 977 2065 indies
990 2022 1172 2064 infelicia
1183 2022 1419 2064 animorum
1434 2021 1616 2064 dissidia.

160 2114 308 2158 Tertio
337 2129 469 2157 nonas
501 2115 754 2157 Novembris
788 2115 890 2157 anni
925 2118 1048 2166 1640,
1085 2114 1291 2156 indictum
1326 2123 1389 2156 est
1421 2113 1618 2171 generale

159 2206 356 2249 ordinum
376 2206 498 2264 regni
518 2205 754 2257 concilium,
778 2205 893 2264 quod
912 2205 1025 2263 apud
1042 2221 1117 2248 nos
1140 2205 1473 2247 Parliamentum
1499 2221 1618 2248 voca-

160 2308 245 2351 tur,
264 2298 338 2342 ubi
359 2298 402 2340 in
434 2298 533 2356 ipsis
562 2298 692 2340 initiis
727 2313 782 2340 ex
817 2298 980 2355 ingenti
1015 2298 1200 2355 partium
1236 2307 1354 2348 aestu,
1391 2313 1446 2339 ne
1481 2297 1617 2340 dicam

159 2388 300 2432 furore
321 2389 518 2448 quodam,
552 2389 684 2432 civilis
713 2390 814 2433 belli
846 2390 1032 2432 miserias
1067 2389 1288 2431 imminere
1321 2389 1618 2446 praesentiens3

158 2480 356 2538 aliosque,
394 2480 467 2538 qui
496 2481 568 2538 jus
602 2481 767 2539 regium
787 2490 1136 2539 propugnassent‚
1172 2481 1366 2523 libertate
1398 2481 1619 2524 mulctatos

158 2569 318 2621 videns,
349 2571 528 2628 patriam
561 2572 640 2615 sibi
676 2573 859 2615 intutam
893 2582 1022 2623 ratus,
1062 2572 1242 2614 Parisios
1274 2587 1318 2614 se
1352 2572 1394 2614 in
1428 2573 1617 2631 quietum

158 2661 394 2704 studiorum
413 2677 616 2706 secessum
638 2665 807 2722 recepit.

220 2752 419 2796 Florebat
433 2764 534 2796 tunc
549 2756 747 2812 temporis
763 2756 864 2799 urbs
877 2755 950 2798 illa
962 2755 1123 2813 ingenti
1137 2755 1470 2798 doctissimorum
1483 2755 1619 2797 homi-

162 2858 266 2886 num
275 2843 523 2902 frequentia,
537 2845 610 2903 qui
623 2846 850 2890 immortali
863 2846 1182 2889 eminentissimi
1192 2846 1428 2889 Cardinalis
1441 2845 1620 2888 Richelii

165 2936 454 2980 munificentia
473 2938 666 2994 permoti,
697 2938 752 2981 ad
772 2948 882 2982 artes
909 2954 957 2982 ac
987 2939 1192 2989 scientias,
1218 2949 1261 2981 et
1286 2939 1619 2997 unumquodque
