1936 3262
474 268 537 309 60
788 281 1139 315 COMPUTATIO
1167 283 1290 316 SIVE
1320 283 1534 316 LOGICA.

247 405 362 437 PARS
387 407 413 437 1.
474 390 811 451 componenda
856 400 1020 438 autem
1065 392 1199 455 prius
1246 394 1477 456 cognosci
1523 409 1721 442 necesse
1769 404 1845 444 est

232 472 417 518 ᾳ
474 479 620 525 quam
656 466 994 528 compositum.
1078 468 1169 514 Per
1198 474 1363 531 partes
1401 476 1565 516 autem
1602 469 1846 519 hocloco

472 537 692 602 intelligo
718 556 817 586 non
849 549 1013 603 partes
1037 542 1188 604 ipsius
1212 543 1299 602 rei,
1336 543 1422 590 sed
1456 550 1622 606 partes
1653 551 1843 593 naturae

472 613 592 675 ejus,
629 622 697 661 ut,
720 631 807 676 per
841 624 1006 678 partes
1042 617 1253 665 hominis
1287 634 1387 665 non
1419 618 1640 682 intelligo
1677 627 1840 683 caput,

470 687 713 748 humeros,
751 691 967 749 brachia,
1003 693 1085 739 &c.
1126 693 1212 740 sed
1246 694 1469 756 figuram,
1500 693 1841 756 quantitatem,

468 771 672 822 motum,
698 765 986 824 sensionem,
1011 767 1436 816 ratiocinationem
1454 775 1504 816 et
1521 768 1711 828 similia,
1731 785 1841 833 quae

468 846 583 886 sunt
619 840 891 888 accidentia
927 857 1036 904 quae
1060 843 1330 905 composita
1352 843 1494 890 simul
1532 843 1840 892 constituunt

468 921 624 961 totam
646 915 873 973 hominis,
893 932 994 963 non
1013 917 1205 976 molem,
1244 917 1329 965 sed
1365 926 1606 966 naturam.
1675 919 1838 982 Atque

467 988 518 1035 in
554 990 649 1036 hoc
687 991 912 1038 consistit
946 991 997 1038 id
1032 992 1163 1054 quod
1195 993 1339 1055 vulgo
1373 992 1568 1051 dieitur,
1601 993 1697 1041 alia
1733 1010 1841 1042 esse

467 1063 621 1122 nobis,
646 1065 741 1112 alia
759 1081 863 1113 esse
886 1073 1077 1113 natura>
1098 1067 1293 1115 notiora
1314 1088 1325 1122 ;
1361 1084 1461 1115 non
1476 1068 1606 1115 enim
1625 1069 1837 1116 arbitror

466 1154 549 1185 eos
597 1140 679 1201 qui
725 1140 794 1187 sic
839 1140 1163 1204 distinguunt,
1207 1150 1379 1189 notum
1425 1142 1684 1205 quicquam
1730 1159 1843 1192 esse.

464 1213 742 1261 existimare
767 1215 899 1278 quod
922 1216 1013 1262 etsi
1036 1215 1222 1263 homini
1246 1216 1444 1275 nemini,
1468 1224 1656 1264 naturae
1670 1225 1835 1267 tamen

462 1296 635 1335 notum
652 1290 714 1336 sit
735 1310 746 1344 ;
783 1290 978 1338 notiora
994 1291 1145 1353 igitur
1159 1291 1298 1338 nobis
1314 1291 1374 1339 de
1392 1291 1571 1340 notitia
1589 1308 1833 1352 sensuum,

462 1364 658 1412 notiora
686 1372 877 1412 naturae
907 1366 967 1413 de
995 1366 1174 1413 notitia
1202 1367 1392 1414 ratione
1421 1367 1661 1430 acquisita
1690 1368 1837 1416 intel-

460 1438 546 1501 ligi
570 1439 764 1499 debent,
791 1449 841 1488 et
865 1441 934 1488 sic
958 1449 1064 1488 tota
1086 1442 1323 1504 partibus,
1348 1442 1400 1489 id
1422 1450 1512 1500 est,
1538 1458 1608 1490 eae
1621 1459 1699 1491 res
1723 1460 1832 1507 quae

459 1515 658 1562 nomina
688 1516 872 1563 habent
895 1516 1055 1563 minus
1082 1517 1372 1564 universalia
1410 1517 1550 1580 (quas
1573 1518 1836 1567 brevitatis·
1903 1546 1907 1552 ·

458 1605 603 1636 causa
628 1590 917 1653 singulares)
947 1608 1092 1654 quam
1117 1608 1223 1654 quae
1247 1592 1446 1640 nomina
1468 1593 1652 1641 habent
1675 1594 1830 1658 magis

455 1665 748 1713 universalia
803 1667 943 1728 (quas
984 1667 1281 1714 universales
1328 1667 1565 1730 dicemus)
1610 1669 1829 1717 notiores

454 1739 593 1786 nobis
616 1759 631 1793 ,·
666 1741 881 1802 partium
904 1750 1069 1788 autem
1106 1757 1279 1795 causae,
1319 1758 1465 1804 quam
1489 1758 1636 1790 causa
1657 1744 1827 1802 totius,

454 1813 548 1861 hoc
586 1822 675 1872 est,
714 1816 1006 1863 universalia
1040 1816 1366 1878 singularibus
1403 1817 1598 1865 notiora
1635 1825 1827 1867 naturae

455 1887 551 1935 dici
576 1889 749 1936 solent.

171 1968 435 2020 Phjlosophantes
520 1970 564 2011 3.
603 1965 1006 2028 Philosophantes
1042 1974 1267 2028 quaerunt
1300 1966 1377 2013 vel
1412 1966 1697 2029 simpliciter
1725 1967 1827 2015 sive

170 2013 348 2096 ξὲἷιῗηῗῗπθ
452 2038 705 2086 indefinite
725 2040 992 2099 scientiam,
1018 2041 1112 2088 hoc
1132 2049 1222 2098 est,
1248 2041 1382 2088 nulla
1400 2049 1536 2088 certa
1555 2042 1824 2104 quaestione

451 2115 718 2177 proposita,
766 2123 957 2162 tantum
1004 2116 1126 2163 scire
1173 2124 1409 2178 quantum
1453 2124 1688 2179 possunt;
1746 2118 1823 2165 vel

451 2189 573 2236 certi
588 2190 792 2252 alicujus
806 2191 1114 2253 phaenomeni
1131 2207 1340 2249 causam,
1360 2190 1438 2238 vel
1452 2190 1635 2253 aliquid
1650 2191 1821 2239 saltem

451 2272 639 2311 certum
679 2265 913 2324 invenire,
961 2273 1017 2312 ut
1059 2282 1280 2328 quaenam
1321 2266 1384 2313 sit
1422 2282 1568 2313 causa
1606 2265 1820 2325 luminis,

448 2339 653 2396 caloris,
684 2341 979 2403 gravitatis,
998 2342 1190 2404 figura>
1205 2341 1499 2405 propositae,
1537 2348 1588 2388 et
1611 2341 1817 2397 similia3

446 2415 523 2462 vel
559 2415 609 2461 in
651 2431 747 2477 quo
784 2416 1002 2478 subjecto
1027 2417 1252 2463 accidens
1283 2416 1480 2478 aliquod
1513 2417 1818 2479 propositum

446 2490 698 2548 inhaereat,
734 2490 810 2537 vel
833 2490 896 2537 ad
919 2491 1146 2538 effectum
1169 2491 1379 2553 aliquem
1411 2491 1493 2553 qui
1525 2491 1819 2554 proponitur

443 2565 792 2626 generandum,
832 2581 890 2611 ex
925 2566 1089 2612 multis
1125 2565 1474 2624 accidentibus,
1515 2582 1624 2628 quae
1661 2565 1815 2628 potis-

443 2640 616 2687 simum
642 2641 948 2695 conducant;
983 2641 1060 2687 vel
1084 2657 1179 2703 quo
1203 2640 1349 2687 modo
1373 2640 1433 2688 ad
1459 2649 1647 2688 certum
1670 2641 1814 2688 effec-

442 2722 542 2761 tum
581 2716 964 2777 producendum,
1002 2731 1159 2762 causae
1194 2715 1513 2777 particulares
1547 2715 1814 2779 propositae

441 2791 670 2854 conjungi
691 2792 915 2839 debeant.
971 2792 1175 2853 Propter
1194 2791 1481 2838 varietatem
1500 2791 1627 2839 hanc
1646 2806 1810 2838 rerum
1832 2840 1836 2842 ,
