1936 3262
478 271 573 314 216
798 284 868 318 DE
896 286 1232 321 RATIONIBUS
1256 289 1518 323 -Mo'rUUM,

248 396 360 472 ΡΑῑῗξ
378 397 439 427 1¹1·
476 390 528 438 in
546 390 675 439 linea
711 393 750 440 B
767 395 810 441 K
828 395 871 442 D
907 396 1146 458 producta
1182 398 1446 446 secundum
1483 399 1847 462 generationem
1872 430 1874 435 .

250 463 437 508 s-vssa
478 465 629 529 ipsius
654 467 693 514 B
710 468 754 516 K
770 469 829 516 D.

242 548 424 599 Earpndem
549 548 591 589 5.
627 543 866 606 Tangitur
890 552 1052 592 autem
1076 545 1314 595 dictarum
1336 549 1602 610 figurarum
1624 547 1866 611 quaelibetv

241 597 344 623 ‘²⁰⁰⁰'
478 617 529 664 in
554 617 770 679 quolibet
791 627 990 681 puncto,
1014 620 1109 668 hoc
1131 622 1293 670 modo.
1350 623 1423 670 Sit
1446 623 1575 670 linea
1602 622 1674 684 (in
1690 623 1772 687 fig.
1790 624 1846 686 4)
1872 637 1873 643 ¹

480 691 520 738 Β
537 693 581 739 K
597 693 640 740 D
657 693 705 740 H
722 694 968 756 tangenda
991 695 1042 742 in
1064 703 1246 758 puncto
1270 697 1329 745 D.
1370 698 1648 760 Jungantur
1668 706 1850 760 puncta

480 767 536 824 Β,
560 767 620 826 D,
647 767 945 831 ducaturque
969 770 1013 817 D
1028 771 1072 817 A
1096 772 1293 834 aequalis
1314 779 1363 819 et
1383 772 1616 835 parallela
1639 772 1680 820 B
1695 771 1765 826 G·;
1800 780 1849 821 et

480 841 593 904 quia
631 843 788 907 figura
820 843 925 891 haee
959 845 1158 906 ponitur
1192 847 1397 909 exempli
1436 862 1582 895 causa
1605 860 1664 894 ex
1695 847 1848 895 tribus

480 915 651 963 mediis
674 917 835 974 tertia,
872 925 1124 965 sumantur
1146 919 1197 966 in
1220 920 1265 967 A
1281 921 1320 967 B
1343 921 1438 968 tria
1458 929 1642 984 puncta
1676 922 1850 984 quibus

480 991 585 1054 ipsa
607 992 651 1039 A
668 993 707 1039 B
743 993 973 1041 dividitur
1007 994 1058 1041 in
1094 1002 1301 1058 quatuor
1334 1003 1496 1058 partes
1531 996 1755 1059 aequaleS,
1791 1013 1849 1044 ex

480 1067 652 1128 quibus
675 1068 893 1130 partibus
918 1076 1170 1116 sumantur
1191 1077 1290 1117 tres
1314 1087 1489 1134 nempe
1512 1071 1556 1118 A
1572 1072 1641 1130 M,
1677 1078 1733 1118 ut
1750 1071 1795 1119 A
1810 1071 1850 1119 Β

481 1142 544 1189 sit
582 1142 645 1189 ad
683 1143 727 1190 A
743 1144 813 1199 M,
846 1151 902 1191 ut
936 1145 1167 1207 figuraB
1185 1146 1229 1192 K
1246 1146 1289 1193 D
1306 1146 1344 1193 C
1379 1146 1441 1193 ad
1477 1162 1617 1193 suum
1641 1146 1850 1209 comple-

479 1224 697 1265 mentum
717 1238 729 1273 ς
799 1218 946 1266 ducta
990 1227 1124 1267 recta
1171 1221 1225 1267 M
1242 1221 1284 1268 D
1330 1228 1500 1284 tanget
1543 1222 1750 1284 figuram
1800 1221 1851 1269 in

480 1299 661 1354 puncto
685 1293 745 1340 D.
814 1294 1032 1341 Ducatur
1063 1295 1192 1342 enim
1222 1296 1454 1358 parallela
1477 1296 1521 1343 R
1537 1296 1584 1345 Q
1605 1303 1852 1359 utcunque
1905 1351 1909 1355 ⁵

480 1366 607 1414 inter
629 1367 673 1414 A
692 1368 731 1414 Β
767 1375 815 1415 et
850 1369 893 1415 D
911 1369 963 1426 C,
1001 1385 1169 1418 secans
1190 1371 1230 1418 B
1246 1371 1289 1418 D
1310 1379 1509 1430 rectam,
1547 1372 1587 1419 B
1604 1372 1649 1419 K
1665 1371 1709 1419 D
1744 1387 1852 1418 cur-

479 1458 605 1497 vam,
634 1443 687 1489 M
707 1443 750 1490 D
784 1450 982 1502 rectam,
1017 1452 1066 1492 et
1087 1445 1131 1492 A
1146 1445 1190 1492 D
1224 1453 1408 1493 rectam
1430 1445 1481 1493 in
1499 1446 1692 1509 punctis
1712 1446 1764 1504 P,
1790 1447 1851 1505 K,

482 1517 540 1575 Ο,
567 1517 644 1572 Ως
682 1518 773 1565 erit
812 1534 928 1581 ergo
964 1519 1009 1566 R
1029 1520 1089 1578 K,
1123 1536 1211 1583 per
1245 1520 1671 1579 constructionem,
1705 1521 1853 1568 trium

480 1588 774 1655 geometrice
797 1594 1066 1641 mediarum
1106 1595 1232 1643 inter
1268 1596 1313 1642 R
1328 1596 1376 1644 Q
1415 1603 1463 1643 et
1501 1596 1546 1643 R
1563 1596 1600 1643 P
1635 1596 1851 1644 minima.
1897 1603 1905 1622 ss

482 1669 651 1731 Itaque
675 1668 781 1731 (per
804 1670 968 1717 coroll.
994 1677 1083 1718 art.
1105 1676 1184 1729 28,
1210 1687 1313 1734 cap.
1332 1671 1465 1733 XIII)
1488 1671 1649 1719 minor
1665 1678 1740 1719 est
1754 1672 1852 1720 RK

483 1759 626 1805 quam
651 1744 695 1790 R
709 1744 781 1798 0;
818 1745 948 1791 cadit
972 1761 1087 1807 ergo
1123 1746 1177 1792 M
1194 1747 1236 1793 D
1273 1753 1410 1793 extra
1431 1747 1655 1809 figuram.
1725 1746 1852 1794 Con·
1876 1743 1878 1747 ’

481 1818 697 1866 tinuetur
714 1819 816 1882 jam
835 1819 889 1865 M
900 1820 943 1866 D
959 1820 1010 1866 in
1030 1820 1093 1878 N,
1110 1827 1159 1867 et
1178 1821 1270 1868 erit
1294 1822 1331 1868 F
1345 1821 1392 1867 N
1415 1821 1563 1868 trium
1585 1821 1856 1870 mediarum
1926 1862 1929 1863 γ

483 1893 609 1940 inter
626 1894 670 1940 vF
685 1894 724 1940 E
749 1901 798 1941 et
820 1894 857 1940 F
876 1894 917 1941 G
940 1894 1152 1942 maxima
1174 1895 1225 1942 in
1249 1896 1438 1943 ratione
1459 1895 1781 1955 arithmetica,
1806 1903 1856 1944 et

483 1969 520 2014 F
536 1968 583 2014 H
608 1968 755 2015 trium
777 1969 1046 2016 mediarum
1068 1970 1279 2018 maxima
1302 1986 1494 2033 quoque
1509 1971 1637 2018 inter
1660 1972 1854 2019 easdem

483 2043 590 2100 FE,
615 2043 722 2101 FG,
761 2044 811 2090 in
845 2044 1034 2091 ratione
1070 2045 1399 2108 geometrica;
1437 2061 1585 2108 quare
1612 2046 1721 2109 (per
1753 2047 1854 2095 dic-

483 2125 588 2165 tum
608 2118 931 2176 corollarium,
957 2125 1046 2166 art,
1073 2125 1152 2178 28,
1169 2136 1274 2183 cap.
1300 2120 1432 2182 XIII‘)
1458 2120 1620 2169 minor
1642 2121 1736 2168 erit
1759 2123 1852 2169 FH

486 2209 630 2256 quam
667 2194 704 2240 F
722 2194 768 2240 N
787 2214 798 2248 ;
835 2194 977 2242 cadet
1012 2210 1128 2257 ergo
1169 2195 1213 2242 D
1229 2196 1276 2242 N
1314 2202 1451 2243 extra
1484 2197 1707 2259 figuram,
1746 2204 1856 2245 tan-

486 2276 663 2331 getque
686 2270 892 2331 figuram
914 2276 1048 2317 recta
1071 2270 1126 2317 M
1141 2270 1188 2317 N
1212 2270 1263 2317 in
1282 2270 1428 2318 unico
1450 2278 1632 2334 puncto
1656 2272 1717 2319 D.

221 2353 261 2383 111
277 2362 339 2392 qua
352 2351 471 2382 ratione
554 2349 599 2390 6.
637 2343 845 2406 Cognita
861 2344 1050 2391 ratione
1073 2344 1341 2393 deficientis
1364 2346 1534 2409 figurae
1557 2346 1620 2394 ad
1643 2347 1855 2410 comple-

220 2395 302 2426 θεὼ
342 2395 472 2468 uagari?
487 2424 706 2465 mentum
729 2434 883 2477 suum,
920 2419 1228 2482 cognoscitur
1257 2436 1448 2483 quoque
1478 2421 1602 2469 ratio
1624 2421 1855 2486 trianguli

249 2491 469 2564 Ιῇθυζζθξξξζ
486 2492 724 2540 rectilinei
741 2493 804 2540 ad
826 2509 1092 2552 excessum,
1130 2511 1225 2557 quo
1259 2495 1419 2557 ipsum
1445 2497 1603 2559 figura
1624 2497 1856 2546 deficiens

244 2577 322 2641 {net
336 2566 472 2641 ἶὲξξζὼ·
488 2575 696 2631 superat.
768 2569 956 2615 Harum
989 2569 1154 2632 itaque
1181 2570 1409 2617 tabellam
1445 2571 1768 2634 adjunximus,
1803 2573 1854 2620 in

421 2634 427 2641 ’
489 2660 600 2706 qua,
637 2643 678 2690 si
702 2659 905 2705 quaeras,
931 2645 1138 2707 exempli
1162 2661 1321 2704 causa,
1347 2653 1582 2708 quantum
1608 2648 1855 2696 trilineum

488 2734 548 2764 ex
592 2718 763 2765 mediis
810 2719 1020 2781 quinque
1058 2727 1282 2782 quartum
1319 2729 1515 2784 superat
1557 2722 1853 2786 triangulum

488 2793 702 2855 ejusdem
725 2794 993 2842 altitudinis
1016 2802 1066 2842 et
1086 2795 1231 2854 basis,
1266 2795 1498 2855 invenies,
1533 2797 1584 2844 in
1616 2810 1855 2846 concursu
