1936 3262
491 267 585 310 256
820 278 890 311 DE
916 278 1253 312 RATIONIBUS
1279 281 1536 315 MOTUUM.
1865 275 1919 323 ἒ

255 392 370 467 ΡΑῑὲἓ
401 392 469 425 ΠΙ·
490 396 804 451 geometram,
847 390 932 437 sed
967 390 1207 452 synthesis
1244 391 1480 455 incipiens
1515 393 1576 440 ab
1610 393 1725 456 ipsis
1769 387 1882 443 eles&

262 458 450 505 κ-ἐ-κ
488 464 679 522 mentis,
710 471 758 511 et
788 465 850 512 ad
886 465 1124 512 elementa
1156 467 1391 514 accedens
1426 467 1613 530 logicus
1648 467 1881 530 ipsorum'''‘
1912 505 1914 507 .

214 527 472 614 gffifflissfffuid·
490 553 620 585 usus.
687 539 815 586 Vera
838 539 968 586 enim
1002 539 1202 586 traditio
1225 542 1505 603 geometriae
1529 549 1602 589 est
1632 557 1720 605 per
1751 542 1881 606 syn-³²
1912 550 1917 561 ”

374 596 382 610 ’
490 613 665 671 thesin,
706 613 936 661 methodo
979 629 1124 675 quam
1165 614 1331 662 docuit
1373 615 1615 664 Euclides.
1682 616 1745 664 Et
1779 617 1875 680 qui<

490 688 741 735 Euclidem
763 688 1050 752 magistrum
1083 689 1246 746 habet,
1278 698 1529 751 geometra
1561 690 1668 738 fieri
1703 698 1873 754 potest*

493 763 595 810 sine
621 763 764 811 Vieta
801 764 913 824 (etsi
936 764 1078 810 Vieta
1101 771 1205 810 erat
1238 773 1489 826 geometra
1527 765 1671 829 plane
1711 765 1889 814 admi*-

491 839 709 900 rabilis);
756 839 840 886 sed
886 839 969 902 qui
1014 839 1204 886 Vietam
1240 840 1525 903 magistrum
1557 841 1720 899 habet,
1763 841 1879 908 sine*

492 914 692 961 Euclide
714 930 814 961 non
836 914 967 961 item.

558 989 828 1052 Analyticae
846 996 1009 1036 autem
1028 1005 1085 1036 ea
1103 1006 1229 1052 pars,
1256 1006 1364 1052 quae
1388 998 1460 1037 est
1478 1006 1564 1053 per
1587 995 1881 1054 potestates,⁶

493 1064 584 1110 etsi
608 1063 896 1126 quibusdam
914 1065 1189 1127 geometris,
1216 1081 1313 1111 non
1328 1065 1421 1112 illis
1440 1082 1498 1112 ex
1522 1066 1680 1128 prima
1698 1063 1880 1125 classe?

495 1138 558 1185 ad
578 1138 880 1200 problemata
902 1139 1078 1194 omnia,
1115 1155 1415 1202 quaecunque
1438 1139 1521 1186 illa
1549 1140 1746 1198 fuerint,
1771 1135 1880 1188 sol-'³‘

494 1213 652 1260 venda
695 1213 870 1261 idonea
914 1213 1016 1260 visa
1058 1222 1146 1268 est,
1195 1221 1403 1276 angusta
1450 1222 1615 1262 tamen
1654 1230 1732 1262 res
1773 1221 1884 1263 est.··

495 1289 623 1335 Nam
657 1288 933 1335 continetur
957 1288 1113 1335 omnis
1136 1289 1187 1335 in
1212 1289 1436 1336 doctrina
1470 1283 1905 1353 rect-angulorum&

495 1370 544 1410 et
561 1363 855 1426 rectangulis
880 1371 1222 1411 contentorum
1246 1364 1530 1419 solidorum;
1567 1365 1689 1412 adeo
1703 1373 1760 1413 ut
1774 1363 1887 1414 etsi-'³

492 1439 715 1486 venerint
723 1439 786 1486 ad
793 1439 1134 1501 aequationem,
1151 1456 1257 1502 quae
1273 1440 1596 1503 quantitatem
1611 1435 1883 1504 quaesitamj
1935 1487 1936 1492 ,

495 1513 803 1570 determinat,
854 1514 906 1560 in
955 1514 1101 1576 plano
1155 1522 1318 1561 tamen
1377 1531 1484 1562 eam
1542 1510 1883 1578 quantitatem³
1898 1545 1905 1582 ¹.
1935 1511 1936 1514 ¹

493 1588 752 1650 aliquando
777 1588 1003 1635 exhibere
1026 1604 1114 1651 per
1139 1596 1293 1635 artem
1319 1605 1418 1636 non
1448 1598 1668 1652 possunt,
1698 1591 1783 1639 sed
1813 1591 1903 1639 in

494 1663 709 1710 sectione
733 1662 896 1725 aliqua
915 1662 1100 1720 conica,
1127 1663 1177 1709 id
1202 1671 1289 1721 est,
1313 1670 1368 1710 ut
1391 1671 1655 1726 geometrae
1679 1665 1862 1725 dicunt,
1877 1661 1890 1731 Ϊ

492 1752 591 1784 non
605 1737 902 1799 geometrice
921 1737 1007 1784 sed
1023 1738 1320 1785 mechanice.
1392 1739 1686 1802 Hujusmodi
1701 1748 1863 1788 autem
1878 1732 1888 1758 ᾖ

491 1811 795 1873 problemata
819 1812 972 1859 solida
996 1812 1258 1874 appellant,
1287 1821 1336 1860 et
1366 1813 1560 1876 quando
1590 1830 1748 1878 neque
1772 1831 1863 1879 ope

492 1886 722 1933 sectionis
748 1887 931 1934 conicae
956 1888 1184 1934 exhibere
1221 1903 1327 1934 eam
1360 1897 1582 1951 possunt,
1614 1890 1865 1953 problema
1883 1896 1892 1962 J

491 1961 739 2024 appellant
769 1962 965 2009 lineare.
1037 1962 1208 2024 Itaque
1237 1962 1287 2009 in
1320 1963 1676 2025 quantitatibus
1711 1966 1894 2029 angu-3'

490 2035 649 2083 lorum
709 2044 758 2084 et
809 2053 1010 2084 arcuum
1067 2037 1250 2095 circuli,
1300 2054 1423 2100 rusus
1470 2039 1726 2102 analyticae
1776 2056 1863 2104 per
1887 2033 1892 2042 ἲ

491 2118 761 2173 potestates
806 2112 966 2160 nullus
1013 2120 1101 2159 est.
1180 2113 1382 2176 Antiqui
1428 2114 1579 2177 igitur
1624 2115 1861 2163 sectiones

491 2186 796 2248 angulorum,
834 2187 964 2234 ultra
1000 2187 1320 2235 bisectionem
1363 2196 1412 2236 et
1447 2189 1890 2252 bisegmentorum‘

490 2261 799 2320 bisectiones,
832 2262 882 2309 in
918 2263 1063 2326 plano
1094 2263 1185 2310 nisi
1209 2264 1490 2312 mechanice
1521 2266 1750 2313 exhibere
1772 2266 1861 2314 im-
1888 2263 1895 2278 ¹

490 2337 720 2399 possibile
744 2352 848 2384 esse
872 2338 1267 2400 pronuntiarunt.
1338 2339 1466 2386 Nam
1502 2339 1691 2403 Pappus
1727 2340 1860 2402 (ante

489 2411 873 2474 propositionem
893 2419 971 2470 31,
991 2412 1103 2459 libri
1118 2413 1213 2473 lv.)
1236 2413 1538 2476 distinguens
1558 2425 1608 2462 et
1628 2415 1860 2464 definiens
1885 2408 1892 2446 f’

490 2501 672 2549 genera
716 2486 1089 2549 problematum,
1136 2487 1242 2534 alia
1291 2488 1486 2551 quidem
1526 2489 1708 2554 plana,
1753 2491 1866 2539 alia*
1894 2548 1898 2551 Α

490 2561 671 2619 solida,
692 2561 798 2608 alia
817 2561 1033 2608 linearia
1053 2562 1310 2626 appellari
1329 2563 1502 2626 inquit.
1559 2564 1679 2620 Quoe
1698 2565 1866 2629 igitar
1892 2561 1898 2576 ⁵

481 2652 583 2699 per
606 2643 776 2683 rectas
801 2636 960 2683 lineas
984 2644 1033 2684 et
1057 2637 1235 2684 circuli
1263 2637 1713 2702 circumferentiam
1735 2640 1858 2687 solvi

481 2718 695 2774 possunt
723 2711 794 2773 (id
817 2719 906 2769 est,
933 2727 1041 2774 quae
1065 2711 1233 2774 regula
1257 2719 1304 2759 et
1329 2712 1528 2771 circino,
1554 2714 1735 2777 absque
1762 2715 1866 2762 alio'

489 2785 830 2844 instrument0‚
879 2786 1088 2834 describi
1137 2789 1362 2850 possunt)
1411 2790 1586 2836 merito
1628 2789 1857 2837 dicantar

1870 926 1890 935 ι-
