<?xml version="1.0" encoding="UTF-8"?>
<!DOCTYPE html PUBLIC "-//W3C//DTD XHTML 1.0 Transitional//EN"
    "http://www.w3.org/TR/xhtml1/DTD/xhtml1-transitional.dtd">
<html xmlns="http://www.w3.org/1999/xhtml" xml:lang="en" lang="en">
 <head>
  <title>
</title>
<meta http-equiv="Content-Type" content="text/html;charset=utf-8" />
  <meta name='ocr-system' content='tesseract 3.04.00' />
  <meta name='ocr-capabilities' content='ocr_page ocr_carea ocr_par ocr_line ocrx_word'/>
</head>
<body>
  <div class='ocr_page' id='page_1' title='image "./operaphilosophic01hobbuoft_0510.png"; bbox 0 0 1910 3256; ppageno 0'>
   <div class='ocr_carea' id='block_1_1' title="bbox 232 356 429 390">
    <p class='ocr_par' dir='ltr' id='par_1_1' title="bbox 232 356 429 390">
     <span class='ocr_line' id='line_1_1' title="bbox 232 356 429 390; baseline 0.005 -2"><span class='ocrx_word' id='word_1_1' title='bbox 232 356 344 388; x_wconf 82' lang='lat' dir='ltr'>PARS</span> <span class='ocrx_word' id='word_1_2' title='bbox 370 357 429 390; x_wconf 93' lang='lat' dir='ltr'>IV.</span> 
     </span>
    </p>
   </div>
   <div class='ocr_carea' id='block_1_2' title="bbox 303 402 355 432">
    <p class='ocr_par' dir='ltr' id='par_1_2' title="bbox 303 402 355 432">
     <span class='ocr_line' id='line_1_2' title="bbox 303 402 355 432; baseline 0 0"><span class='ocrx_word' id='word_1_3' title='bbox 303 402 355 432; x_wconf 87' lang='lat'>28.</span> 
     </span>
    </p>
   </div>
   <div class='ocr_carea' id='block_1_3' title="bbox 193 1405 438 1572">
    <p class='ocr_par' dir='ltr' id='par_1_3' title="bbox 193 1405 437 1567">
     <span class='ocr_line' id='line_1_3' title="bbox 195 1405 437 1437; baseline -0.004 0"><span class='ocrx_word' id='word_1_4' title='bbox 195 1406 301 1437; x_wconf 85' lang='lat' dir='ltr'>Causa</span> <span class='ocrx_word' id='word_1_5' title='bbox 313 1405 437 1437; x_wconf 84' lang='lat' dir='ltr'>duritiei</span> 
     </span>
     <span class='ocr_line' id='line_1_4' title="bbox 194 1449 438 1490; baseline -0.004 -10"><span class='ocrx_word' id='word_1_6' title='bbox 194 1450 293 1480; x_wconf 86' lang='lat' dir='ltr'>altera</span> <span class='ocrx_word' id='word_1_7' title='bbox 306 1460 323 1479; x_wconf 85' lang='lat' dir='ltr'>a</span> <span class='ocrx_word' id='word_1_8' title='bbox 337 1449 438 1490; x_wconf 87' lang='lat' dir='ltr'>pleni-</span> 
     </span>
     <span class='ocr_line' id='line_1_5' title="bbox 193 1498 417 1524; baseline 0 -1"><span class='ocrx_word' id='word_1_9' title='bbox 193 1503 247 1524; x_wconf 87' lang='lat' dir='ltr'>ore</span> <span class='ocrx_word' id='word_1_10' title='bbox 269 1498 417 1523; x_wconf 85' lang='lat' dir='ltr'>contactu</span> 
     </span>
     <span class='ocr_line' id='line_1_6' title="bbox 193 1540 389 1572; baseline 0 -6"><span class='ocrx_word' id='word_1_11' title='bbox 193 1540 389 1572; x_wconf 78' lang='lat' dir='ltr'>atomorum3</span> 
     </span>
    </p>
   </div>
   <div class='ocr_carea' id='block_1_4' title="bbox 480 233 1292 283">
    <p class='ocr_par' dir='ltr' id='par_1_4' title="bbox 480 233 1292 283">
     <span class='ocr_line' id='line_1_7' title="bbox 480 233 1292 283; baseline 0.01 -8"><span class='ocrx_word' id='word_1_12' title='bbox 480 233 573 276; x_wconf 84' lang='lat'>386</span> <span class='ocrx_word' id='word_1_13' title='bbox 1041 248 1292 283; x_wconf 82' lang='lat' dir='ltr'>PHYSICA.</span> 
     </span>
    </p>
   </div>
   <div class='ocr_carea' id='block_1_5' title="bbox 476 355 1860 1549">
    <p class='ocr_par' dir='ltr' id='par_1_5' title="bbox 479 355 1858 570">
     <span class='ocr_line' id='line_1_8' title="bbox 480 355 1858 426; baseline 0.006 -24"><span class='ocrx_word' id='word_1_14' title='bbox 480 355 531 402; x_wconf 93' lang='lat' dir='ltr'>in</span> <span class='ocrx_word' id='word_1_15' title='bbox 554 362 702 418; x_wconf 87' lang='lat' dir='ltr'>puteo</span> <span class='ocrx_word' id='word_1_16' title='bbox 725 372 824 406; x_wconf 91' lang='lat' dir='ltr'>non</span> <span class='ocrx_word' id='word_1_17' title='bbox 851 358 1095 421; x_wconf 86' lang='lat' dir='ltr'>profundo</span> <span class='ocrx_word' id='word_1_18' title='bbox 1119 376 1246 423; x_wconf 91' lang='lat' dir='ltr'>aqua</span> <span class='ocrx_word' id='word_1_19' title='bbox 1270 361 1500 424; x_wconf 81' lang='lat' dir='ltr'>gelascit3</span> <span class='ocrx_word' id='word_1_20' title='bbox 1537 377 1648 409; x_wconf 89' lang='lat' dir='ltr'>cum</span> <span class='ocrx_word' id='word_1_21' title='bbox 1670 362 1722 410; x_wconf 88' lang='lat' dir='ltr'>in</span> <span class='ocrx_word' id='word_1_22' title='bbox 1743 377 1858 426; x_wconf 76' lang='lat' dir='ltr'>pro-</span> 
     </span>
     <span class='ocr_line' id='line_1_9' title="bbox 479 429 1858 521; baseline 0.006 -44"><span class='ocrx_word' id='word_1_23' title='bbox 479 429 632 478; x_wconf 90' lang='lat' dir='ltr'>fundo</span> <span class='ocrx_word' id='word_1_24' title='bbox 654 439 818 494; x_wconf 91' lang='lat' dir='ltr'>puteo,</span> <span class='ocrx_word' id='word_1_25' title='bbox 844 449 939 495; x_wconf 91' lang='lat' dir='ltr'>quo</span> <span class='ocrx_word' id='word_1_26' title='bbox 971 449 1091 481; x_wconf 90' lang='lat' dir='ltr'>aura</span> <span class='ocrx_word' id='word_1_27' title='bbox 1112 434 1196 482; x_wconf 92' lang='lat' dir='ltr'>illa</span> <span class='ocrx_word' id='word_1_28' title='bbox 1228 435 1448 521; x_wconf 85' lang='lat' dir='ltr'>frigefica</span> <span class='ocrx_word' id='word_1_29' title='bbox 1477 443 1731 498; x_wconf 88' lang='lat' dir='ltr'>penetrare</span> <span class='ocrx_word' id='word_1_30' title='bbox 1756 453 1858 486; x_wconf 89' lang='lat' dir='ltr'>non</span> 
     </span>
     <span class='ocr_line' id='line_1_10' title="bbox 479 502 1013 570; baseline 0.008 -19"><span class='ocrx_word' id='word_1_31' title='bbox 479 502 646 567; x_wconf 82' lang='lat' dir='ltr'>possit,</span> <span class='ocrx_word' id='word_1_32' title='bbox 671 522 770 554; x_wconf 90' lang='lat' dir='ltr'>non</span> <span class='ocrx_word' id='word_1_33' title='bbox 794 507 1013 570; x_wconf 77' lang='lat' dir='ltr'><strong>gelascit.</strong></span> 
     </span>
    </p>

    <p class='ocr_par' dir='ltr' id='par_1_6' title="bbox 478 581 1858 857">
     <span class='ocr_line' id='line_1_11' title="bbox 545 581 1856 648; baseline 0.005 -20"><span class='ocrx_word' id='word_1_34' title='bbox 545 581 836 644; x_wconf 86' lang='lat' dir='ltr'>Experimur</span> <span class='ocrx_word' id='word_1_35' title='bbox 852 591 1102 646; x_wconf 84' lang='lat' dir='ltr'>praeterea,</span> <span class='ocrx_word' id='word_1_36' title='bbox 1118 585 1324 647; x_wconf 83' lang='lat' dir='ltr'>glaciem</span> <span class='ocrx_word' id='word_1_37' title='bbox 1339 602 1466 648; x_wconf 91' lang='lat' dir='ltr'>aqua</span> <span class='ocrx_word' id='word_1_38' title='bbox 1483 586 1713 634; x_wconf 86' lang='lat' dir='ltr'>leviorem</span> <span class='ocrx_word' id='word_1_39' title='bbox 1731 601 1856 642; x_wconf 78' lang='lat' dir='ltr'>esse3</span> 
     </span>
     <span class='ocr_line' id='line_1_12' title="bbox 479 658 1856 724; baseline 0.004 -21"><span class='ocrx_word' id='word_1_40' title='bbox 479 658 616 720; x_wconf 89' lang='lat' dir='ltr'>cujus</span> <span class='ocrx_word' id='word_1_41' title='bbox 640 674 786 705; x_wconf 88' lang='lat' dir='ltr'>causa</span> <span class='ocrx_word' id='word_1_42' title='bbox 808 675 866 705; x_wconf 91' lang='lat' dir='ltr'>ex</span> <span class='ocrx_word' id='word_1_43' title='bbox 892 675 948 706; x_wconf 93' lang='lat' dir='ltr'>eo</span> <span class='ocrx_word' id='word_1_44' title='bbox 971 667 1124 722; x_wconf 89' lang='lat' dir='ltr'>patet,</span> <span class='ocrx_word' id='word_1_45' title='bbox 1157 661 1288 722; x_wconf 93' lang='lat' dir='ltr'>quod</span> <span class='ocrx_word' id='word_1_46' title='bbox 1319 677 1466 724; x_wconf 88' lang='lat' dir='ltr'>supra</span> <span class='ocrx_word' id='word_1_47' title='bbox 1499 668 1746 709; x_wconf 88' lang='lat' dir='ltr'>ostensum</span> <span class='ocrx_word' id='word_1_48' title='bbox 1768 668 1856 718; x_wconf 88' lang='lat' dir='ltr'>est,</span> 
     </span>
     <span class='ocr_line' id='line_1_13' title="bbox 480 733 1858 800; baseline 0.002 -21"><span class='ocrx_word' id='word_1_49' title='bbox 480 733 840 795; x_wconf 78' lang='lat' dir='ltr'>congelascenti</span> <span class='ocrx_word' id='word_1_50' title='bbox 868 750 1006 797; x_wconf 84' lang='lat' dir='ltr'>aquae</span> <span class='ocrx_word' id='word_1_51' title='bbox 1035 735 1299 798; x_wconf 89' lang='lat' dir='ltr'>particulas</span> <span class='ocrx_word' id='word_1_52' title='bbox 1332 737 1455 784; x_wconf 88' lang='lat' dir='ltr'>aeris</span> <span class='ocrx_word' id='word_1_53' title='bbox 1479 737 1531 784; x_wconf 89' lang='lat' dir='ltr'>in</span> <span class='ocrx_word' id='word_1_54' title='bbox 1554 737 1661 800; x_wconf 86' lang='lat' dir='ltr'>ipsa</span> <span class='ocrx_word' id='word_1_55' title='bbox 1683 751 1858 799; x_wconf 85' lang='lat' dir='ltr'>conge-</span> 
     </span>
     <span class='ocr_line' id='line_1_14' title="bbox 478 808 1123 857; baseline 0.003 -2"><span class='ocrx_word' id='word_1_56' title='bbox 478 808 659 855; x_wconf 82' lang='lat' dir='ltr'>latione</span> <span class='ocrx_word' id='word_1_57' title='bbox 683 809 980 857; x_wconf 88' lang='lat' dir='ltr'>intermistas</span> <span class='ocrx_word' id='word_1_58' title='bbox 1005 826 1123 857; x_wconf 87' lang='lat' dir='ltr'>esse.</span> 
     </span>
    </p>

    <p class='ocr_par' dir='ltr' id='par_1_7' title="bbox 476 884 1858 1400">
     <span class='ocr_line' id='line_1_15' title="bbox 545 884 1858 949; baseline 0.003 -19"><span class='ocrx_word' id='word_1_59' title='bbox 545 884 809 943; x_wconf 89' lang='lat' dir='ltr'>Postremo,</span> <span class='ocrx_word' id='word_1_60' title='bbox 834 884 1002 932; x_wconf 90' lang='lat' dir='ltr'>vinum</span> <span class='ocrx_word' id='word_1_61' title='bbox 1026 902 1172 948; x_wconf 90' lang='lat' dir='ltr'>quam</span> <span class='ocrx_word' id='word_1_62' title='bbox 1195 901 1322 948; x_wconf 90' lang='lat' dir='ltr'>aqua</span> <span class='ocrx_word' id='word_1_63' title='bbox 1345 886 1586 934; x_wconf 90' lang='lat' dir='ltr'>difficilius</span> <span class='ocrx_word' id='word_1_64' title='bbox 1609 885 1858 949; x_wconf 78' lang='lat' dir='ltr'>congelas-</span> 
     </span>
     <span class='ocr_line' id='line_1_16' title="bbox 477 958 1856 1023; baseline 0.003 -19"><span class='ocrx_word' id='word_1_65' title='bbox 477 958 559 1016; x_wconf 85' lang='lat' dir='ltr'>cit,</span> <span class='ocrx_word' id='word_1_66' title='bbox 593 958 708 1020; x_wconf 91' lang='lat' dir='ltr'>quia</span> <span class='ocrx_word' id='word_1_67' title='bbox 733 959 785 1006; x_wconf 92' lang='lat' dir='ltr'>in</span> <span class='ocrx_word' id='word_1_68' title='bbox 815 959 930 1007; x_wconf 90' lang='lat' dir='ltr'>vino</span> <span class='ocrx_word' id='word_1_69' title='bbox 957 960 1225 1023; x_wconf 88' lang='lat' dir='ltr'>particulae,</span> <span class='ocrx_word' id='word_1_70' title='bbox 1262 977 1369 1023; x_wconf 85' lang='lat' dir='ltr'>quae</span> <span class='ocrx_word' id='word_1_71' title='bbox 1403 961 1565 1009; x_wconf 89' lang='lat' dir='ltr'>fluidae</span> <span class='ocrx_word' id='word_1_72' title='bbox 1591 976 1691 1009; x_wconf 91' lang='lat' dir='ltr'>non</span> <span class='ocrx_word' id='word_1_73' title='bbox 1727 968 1856 1020; x_wconf 88' lang='lat' dir='ltr'>sunt,</span> 
     </span>
     <span class='ocr_line' id='line_1_17' title="bbox 476 1034 1858 1099; baseline 0.004 -20"><span class='ocrx_word' id='word_1_74' title='bbox 476 1040 736 1080; x_wconf 89' lang='lat' dir='ltr'>moventur</span> <span class='ocrx_word' id='word_1_75' title='bbox 773 1034 1103 1090; x_wconf 83' lang='lat' dir='ltr'>velocissime3</span> <span class='ocrx_word' id='word_1_76' title='bbox 1149 1035 1280 1082; x_wconf 89' lang='lat' dir='ltr'>unde</span> <span class='ocrx_word' id='word_1_77' title='bbox 1319 1035 1478 1099; x_wconf 88' lang='lat' dir='ltr'>primo</span> <span class='ocrx_word' id='word_1_78' title='bbox 1522 1036 1745 1084; x_wconf 84' lang='lat' dir='ltr'>tardatur</span> <span class='ocrx_word' id='word_1_79' title='bbox 1782 1035 1858 1084; x_wconf 86' lang='lat' dir='ltr'>in-</span> 
     </span>
     <span class='ocr_line' id='line_1_18' title="bbox 477 1108 1858 1175; baseline 0.004 -21"><span class='ocrx_word' id='word_1_80' title='bbox 477 1108 708 1155; x_wconf 89' lang='lat' dir='ltr'>crustatio</span> <span class='ocrx_word' id='word_1_81' title='bbox 742 1117 944 1172; x_wconf 89' lang='lat' dir='ltr'>propter</span> <span class='ocrx_word' id='word_1_82' title='bbox 976 1111 1169 1158; x_wconf 89' lang='lat' dir='ltr'>illarum</span> <span class='ocrx_word' id='word_1_83' title='bbox 1202 1118 1403 1170; x_wconf 90' lang='lat' dir='ltr'>motum,</span> <span class='ocrx_word' id='word_1_84' title='bbox 1445 1127 1590 1175; x_wconf 88' lang='lat' dir='ltr'>quem</span> <span class='ocrx_word' id='word_1_85' title='bbox 1627 1112 1669 1160; x_wconf 91' lang='lat' dir='ltr'>si</span> <span class='ocrx_word' id='word_1_86' title='bbox 1702 1110 1858 1174; x_wconf 86' lang='lat' dir='ltr'>frigus</span> 
     </span>
     <span class='ocr_line' id='line_1_19' title="bbox 477 1182 1858 1251; baseline 0.005 -23"><span class='ocrx_word' id='word_1_87' title='bbox 477 1182 664 1241; x_wconf 85' lang='lat' dir='ltr'>vicerit,</span> <span class='ocrx_word' id='word_1_88' title='bbox 696 1184 898 1246; x_wconf 83' lang='lat' dir='ltr'>gelascit</span> <span class='ocrx_word' id='word_1_89' title='bbox 935 1185 1118 1244; x_wconf 86' lang='lat' dir='ltr'>vinum,</span> <span class='ocrx_word' id='word_1_90' title='bbox 1155 1186 1313 1248; x_wconf 92' lang='lat' dir='ltr'>primo</span> <span class='ocrx_word' id='word_1_91' title='bbox 1351 1187 1578 1246; x_wconf 88' lang='lat' dir='ltr'>exterius,</span> <span class='ocrx_word' id='word_1_92' title='bbox 1612 1194 1858 1251; x_wconf 84' lang='lat' dir='ltr'>postremo</span> 
     </span>
     <span class='ocr_line' id='line_1_20' title="bbox 476 1257 1858 1325; baseline 0.005 -22"><span class='ocrx_word' id='word_1_93' title='bbox 476 1257 709 1313; x_wconf 90' lang='lat' dir='ltr'>interius;</span> <span class='ocrx_word' id='word_1_94' title='bbox 757 1259 950 1322; x_wconf 82' lang='lat' dir='ltr'>signum</span> <span class='ocrx_word' id='word_1_95' title='bbox 994 1261 1138 1323; x_wconf 90' lang='lat' dir='ltr'>hujus</span> <span class='ocrx_word' id='word_1_96' title='bbox 1183 1261 1255 1308; x_wconf 91' lang='lat' dir='ltr'>rei</span> <span class='ocrx_word' id='word_1_97' title='bbox 1291 1269 1378 1320; x_wconf 88' lang='lat' dir='ltr'>est,</span> <span class='ocrx_word' id='word_1_98' title='bbox 1418 1262 1602 1321; x_wconf 90' lang='lat' dir='ltr'>vinum,</span> <span class='ocrx_word' id='word_1_99' title='bbox 1643 1262 1775 1325; x_wconf 85' lang='lat' dir='ltr'>quod</span> <span class='ocrx_word' id='word_1_100' title='bbox 1806 1262 1858 1310; x_wconf 87' lang='lat' dir='ltr'>in</span> 
     </span>
     <span class='ocr_line' id='line_1_21' title="bbox 477 1333 1812 1400; baseline 0.004 -20"><span class='ocrx_word' id='word_1_101' title='bbox 477 1333 639 1381; x_wconf 90' lang='lat' dir='ltr'>medio</span> <span class='ocrx_word' id='word_1_102' title='bbox 662 1335 953 1398; x_wconf 86' lang='lat' dir='ltr'>relinquitur</span> <span class='ocrx_word' id='word_1_103' title='bbox 974 1353 1075 1384; x_wconf 88' lang='lat' dir='ltr'>non</span> <span class='ocrx_word' id='word_1_104' title='bbox 1097 1338 1328 1400; x_wconf 82' lang='lat' dir='ltr'>gelatum,</span> <span class='ocrx_word' id='word_1_105' title='bbox 1352 1338 1668 1386; x_wconf 89' lang='lat' dir='ltr'>fortissimum</span> <span class='ocrx_word' id='word_1_106' title='bbox 1689 1338 1812 1386; x_wconf 87' lang='lat' dir='ltr'>fieri.</span> 
     </span>
    </p>

    <p class='ocr_par' dir='ltr' id='par_1_8' title="bbox 477 1410 1860 1549">
     <span class='ocr_line' id='line_1_22' title="bbox 546 1410 1856 1472; baseline 0.004 -15"><span class='ocrx_word' id='word_1_107' title='bbox 546 1415 592 1457; x_wconf 85' lang='lat'>8.</span> <span class='ocrx_word' id='word_1_108' title='bbox 641 1410 863 1459; x_wconf 86' lang='lat' dir='ltr'>Vidimus</span> <span class='ocrx_word' id='word_1_109' title='bbox 914 1412 1115 1460; x_wconf 91' lang='lat' dir='ltr'>modum</span> <span class='ocrx_word' id='word_1_110' title='bbox 1165 1429 1318 1461; x_wconf 89' lang='lat' dir='ltr'>unum</span> <span class='ocrx_word' id='word_1_111' title='bbox 1370 1413 1610 1461; x_wconf 87' lang='lat' dir='ltr'>efficiendi</span> <span class='ocrx_word' id='word_1_112' title='bbox 1665 1413 1856 1472; x_wconf 84' lang='lat' dir='ltr'>durum,</span> 
     </span>
     <span class='ocr_line' id='line_1_23' title="bbox 477 1487 1860 1549; baseline 0.004 -18"><span class='ocrx_word' id='word_1_113' title='bbox 477 1500 653 1548; x_wconf 90' lang='lat' dir='ltr'>nempe</span> <span class='ocrx_word' id='word_1_114' title='bbox 691 1501 781 1548; x_wconf 89' lang='lat' dir='ltr'>per</span> <span class='ocrx_word' id='word_1_115' title='bbox 817 1487 1220 1549; x_wconf 84' lang='lat' dir='ltr'>congelationem.</span> <span class='ocrx_word' id='word_1_116' title='bbox 1288 1489 1426 1537; x_wconf 89' lang='lat' dir='ltr'>Alius</span> <span class='ocrx_word' id='word_1_117' title='bbox 1463 1495 1626 1536; x_wconf 91' lang='lat' dir='ltr'>autem</span> <span class='ocrx_word' id='word_1_118' title='bbox 1665 1495 1754 1536; x_wconf 90' lang='lat' dir='ltr'>est</span> <span class='ocrx_word' id='word_1_119' title='bbox 1770 1489 1860 1536; x_wconf 85' lang='lat' dir='ltr'>hu-</span> 
     </span>
    </p>
   </div>
   <div class='ocr_carea' id='block_1_6' title="bbox 193 1561 1856 1623">
    <p class='ocr_par' dir='ltr' id='par_1_9' title="bbox 193 1561 1856 1623">
     <span class='ocr_line' id='line_1_24' title="bbox 193 1561 1856 1623; baseline 0.002 -14"><span class='ocrx_word' id='word_1_120' title='bbox 193 1579 270 1610; x_wconf 75' lang='lat' dir='ltr'>item</span> <span class='ocrx_word' id='word_1_121' title='bbox 281 1579 437 1619; x_wconf 85' lang='lat' dir='ltr'>quomodo</span> <span class='ocrx_word' id='word_1_122' title='bbox 472 1561 705 1623; x_wconf 83' lang='lat' dir='ltr'>jusmodi.</span> <span class='ocrx_word' id='word_1_123' title='bbox 799 1562 921 1609; x_wconf 89' lang='lat' dir='ltr'>Cum</span> <span class='ocrx_word' id='word_1_124' title='bbox 968 1563 1255 1611; x_wconf 84' lang='lat' dir='ltr'>substantiae</span> <span class='ocrx_word' id='word_1_125' title='bbox 1307 1565 1533 1612; x_wconf 87' lang='lat' dir='ltr'>aethereae</span> <span class='ocrx_word' id='word_1_126' title='bbox 1577 1564 1856 1612; x_wconf 82' lang='lat' dir='ltr'>innumeras</span> 
     </span>
    </p>
   </div>
   <div class='ocr_carea' id='block_1_7' title="bbox 192 1621 437 1696">
    <p class='ocr_par' dir='ltr' id='par_1_10' title="bbox 192 1621 437 1696">
     <span class='ocr_line' id='line_1_25' title="bbox 193 1621 437 1663; baseline 0.004 -11"><span class='ocrx_word' id='word_1_127' title='bbox 193 1623 309 1653; x_wconf 87' lang='lat' dir='ltr'>durum</span> <span class='ocrx_word' id='word_1_128' title='bbox 317 1621 437 1663; x_wconf 79' lang='lat' dir='ltr'>frangi-</span> 
     </span>
     <span class='ocr_line' id='line_1_26' title="bbox 192 1670 255 1696; baseline 0 0"><span class='ocrx_word' id='word_1_129' title='bbox 192 1670 255 1696; x_wconf 87' lang='lat' dir='ltr'>tur.</span> 
     </span>
    </p>
   </div>
   <div class='ocr_carea' id='block_1_8' title="bbox 471 1636 1858 2902">
    <p class='ocr_par' dir='ltr' id='par_1_11' title="bbox 471 1636 1858 2902">
     <span class='ocr_line' id='line_1_27' title="bbox 476 1636 1856 1702; baseline 0.004 -20"><span class='ocrx_word' id='word_1_130' title='bbox 476 1642 663 1684; x_wconf 88' lang='lat' dir='ltr'>atomos</span> <span class='ocrx_word' id='word_1_131' title='bbox 693 1636 812 1684; x_wconf 89' lang='lat' dir='ltr'>alias</span> <span class='ocrx_word' id='word_1_132' title='bbox 844 1637 949 1684; x_wconf 90' lang='lat' dir='ltr'>aliis</span> <span class='ocrx_word' id='word_1_133' title='bbox 985 1637 1220 1697; x_wconf 84' lang='lat' dir='ltr'>duriores,</span> <span class='ocrx_word' id='word_1_134' title='bbox 1257 1655 1464 1702; x_wconf 91' lang='lat' dir='ltr'>suosque</span> <span class='ocrx_word' id='word_1_135' title='bbox 1498 1639 1590 1687; x_wconf 91' lang='lat' dir='ltr'>sibi</span> <span class='ocrx_word' id='word_1_136' title='bbox 1622 1639 1856 1687; x_wconf 76' lang='lat' dir='ltr'>habentes</span> 
     </span>
     <span class='ocr_line' id='line_1_28' title="bbox 478 1711 1858 1778; baseline 0.004 -21"><span class='ocrx_word' id='word_1_137' title='bbox 478 1717 638 1758; x_wconf 89' lang='lat' dir='ltr'>motus</span> <span class='ocrx_word' id='word_1_138' title='bbox 662 1711 919 1774; x_wconf 79' lang='lat' dir='ltr'>simplices,</span> <span class='ocrx_word' id='word_1_139' title='bbox 946 1713 1241 1761; x_wconf 92' lang='lat' dir='ltr'>intermistas</span> <span class='ocrx_word' id='word_1_140' title='bbox 1271 1731 1376 1762; x_wconf 87' lang='lat' dir='ltr'>esse</span> <span class='ocrx_word' id='word_1_141' title='bbox 1399 1716 1504 1778; x_wconf 89' lang='lat' dir='ltr'>jam</span> <span class='ocrx_word' id='word_1_142' title='bbox 1534 1721 1648 1762; x_wconf 92' lang='lat' dir='ltr'>ante</span> <span class='ocrx_word' id='word_1_143' title='bbox 1679 1730 1858 1778; x_wconf 90' lang='lat' dir='ltr'>suppo-</span> 
     </span>
     <span class='ocr_line' id='line_1_29' title="bbox 476 1786 1856 1853; baseline 0.004 -21"><span class='ocrx_word' id='word_1_144' title='bbox 476 1786 742 1841; x_wconf 84' lang='lat' dir='ltr'>suerimus3</span> <span class='ocrx_word' id='word_1_145' title='bbox 801 1804 999 1835; x_wconf 90' lang='lat' dir='ltr'>necesse</span> <span class='ocrx_word' id='word_1_146' title='bbox 1047 1788 1163 1835; x_wconf 90' lang='lat' dir='ltr'>inde</span> <span class='ocrx_word' id='word_1_147' title='bbox 1214 1797 1300 1848; x_wconf 91' lang='lat' dir='ltr'>est,</span> <span class='ocrx_word' id='word_1_148' title='bbox 1351 1797 1409 1836; x_wconf 92' lang='lat' dir='ltr'>ut</span> <span class='ocrx_word' id='word_1_149' title='bbox 1461 1797 1663 1853; x_wconf 90' lang='lat' dir='ltr'>propter</span> <span class='ocrx_word' id='word_1_150' title='bbox 1703 1789 1856 1837; x_wconf 89' lang='lat' dir='ltr'>totius</span> 
     </span>
     <span class='ocr_line' id='line_1_30' title="bbox 475 1861 1854 1927; baseline 0.004 -19"><span class='ocrx_word' id='word_1_151' title='bbox 475 1861 669 1908; x_wconf 80' lang='lat' dir='ltr'>aetheris</span> <span class='ocrx_word' id='word_1_152' title='bbox 702 1862 1147 1922; x_wconf 88' lang='lat' dir='ltr'>fermentationem,</span> <span class='ocrx_word' id='word_1_153' title='bbox 1184 1863 1244 1911; x_wconf 90' lang='lat' dir='ltr'>de</span> <span class='ocrx_word' id='word_1_154' title='bbox 1273 1880 1368 1927; x_wconf 90' lang='lat' dir='ltr'>qua</span> <span class='ocrx_word' id='word_1_155' title='bbox 1402 1865 1589 1912; x_wconf 90' lang='lat' dir='ltr'>dictum</span> <span class='ocrx_word' id='word_1_156' title='bbox 1622 1871 1710 1924; x_wconf 85' lang='lat' dir='ltr'>est,</span> <span class='ocrx_word' id='word_1_157' title='bbox 1747 1881 1854 1927; x_wconf 85' lang='lat' dir='ltr'>cap.</span> 
     </span>
     <span class='ocr_line' id='line_1_31' title="bbox 477 1937 1855 2003; baseline 0.004 -20"><span class='ocrx_word' id='word_1_158' title='bbox 477 1952 597 1984; x_wconf 83' lang='lat' dir='ltr'>XXI.</span> <span class='ocrx_word' id='word_1_159' title='bbox 622 1937 729 1984; x_wconf 87' lang='lat' dir='ltr'>aliae</span> <span class='ocrx_word' id='word_1_160' title='bbox 751 1938 803 1985; x_wconf 86' lang='lat' dir='ltr'>in</span> <span class='ocrx_word' id='word_1_161' title='bbox 827 1938 946 1985; x_wconf 92' lang='lat' dir='ltr'>alias</span> <span class='ocrx_word' id='word_1_162' title='bbox 972 1939 1259 1998; x_wconf 88' lang='lat' dir='ltr'>incidentes,</span> <span class='ocrx_word' id='word_1_163' title='bbox 1285 1947 1335 1987; x_wconf 92' lang='lat' dir='ltr'>et</span> <span class='ocrx_word' id='word_1_164' title='bbox 1351 1946 1497 2003; x_wconf 91' lang='lat' dir='ltr'>prout</span> <span class='ocrx_word' id='word_1_165' title='bbox 1515 1955 1682 1988; x_wconf 91' lang='lat' dir='ltr'>eorum</span> <span class='ocrx_word' id='word_1_166' title='bbox 1694 1947 1855 1987; x_wconf 86' lang='lat' dir='ltr'>motus</span> 
     </span>
     <span class='ocr_line' id='line_1_32' title="bbox 476 2014 1856 2078; baseline 0.003 -19"><span class='ocrx_word' id='word_1_167' title='bbox 476 2019 526 2059; x_wconf 93' lang='lat' dir='ltr'>et</span> <span class='ocrx_word' id='word_1_168' title='bbox 549 2019 804 2060; x_wconf 90' lang='lat' dir='ltr'>contactus</span> <span class='ocrx_word' id='word_1_169' title='bbox 827 2021 1024 2061; x_wconf 90' lang='lat' dir='ltr'>mutuus</span> <span class='ocrx_word' id='word_1_170' title='bbox 1047 2015 1312 2076; x_wconf 86' lang='lat' dir='ltr'>postulant,</span> <span class='ocrx_word' id='word_1_171' title='bbox 1332 2031 1432 2063; x_wconf 91' lang='lat' dir='ltr'>una</span> <span class='ocrx_word' id='word_1_172' title='bbox 1453 2015 1517 2063; x_wconf 85' lang='lat' dir='ltr'>ad</span> <span class='ocrx_word' id='word_1_173' title='bbox 1538 2014 1683 2068; x_wconf 88' lang='lat' dir='ltr'>aliam</span> <span class='ocrx_word' id='word_1_174' title='bbox 1704 2015 1856 2078; x_wconf 85' lang='lat' dir='ltr'>appli-</span> 
     </span>
     <span class='ocr_line' id='line_1_33' title="bbox 475 2088 1856 2153; baseline 0.004 -20"><span class='ocrx_word' id='word_1_175' title='bbox 475 2094 610 2146; x_wconf 85' lang='lat' dir='ltr'>catae,</span> <span class='ocrx_word' id='word_1_176' title='bbox 645 2088 772 2135; x_wconf 90' lang='lat' dir='ltr'>inter</span> <span class='ocrx_word' id='word_1_177' title='bbox 796 2105 846 2136; x_wconf 90' lang='lat' dir='ltr'>se</span> <span class='ocrx_word' id='word_1_178' title='bbox 875 2090 1180 2145; x_wconf 83' lang='lat' dir='ltr'>cohaereant3</span> <span class='ocrx_word' id='word_1_179' title='bbox 1217 2098 1281 2149; x_wconf 91' lang='lat' dir='ltr'>et,</span> <span class='ocrx_word' id='word_1_180' title='bbox 1318 2091 1547 2153; x_wconf 89' lang='lat' dir='ltr'>quoniam</span> <span class='ocrx_word' id='word_1_181' title='bbox 1579 2107 1680 2138; x_wconf 91' lang='lat' dir='ltr'>non</span> <span class='ocrx_word' id='word_1_182' title='bbox 1710 2090 1856 2138; x_wconf 89' lang='lat' dir='ltr'>datur</span> 
     </span>
     <span class='ocr_line' id='line_1_34' title="bbox 473 2164 1853 2229; baseline 0.001 -19"><span class='ocrx_word' id='word_1_183' title='bbox 473 2179 697 2222; x_wconf 91' lang='lat' dir='ltr'>vacuum,</span> <span class='ocrx_word' id='word_1_184' title='bbox 730 2171 785 2211; x_wconf 90' lang='lat' dir='ltr'>ut</span> <span class='ocrx_word' id='word_1_185' title='bbox 814 2164 977 2212; x_wconf 85' lang='lat' dir='ltr'>divelli</span> <span class='ocrx_word' id='word_1_186' title='bbox 1004 2165 1098 2212; x_wconf 88' lang='lat' dir='ltr'>nisi</span> <span class='ocrx_word' id='word_1_187' title='bbox 1125 2166 1253 2213; x_wconf 90' lang='lat' dir='ltr'>tanti</span> <span class='ocrx_word' id='word_1_188' title='bbox 1279 2166 1344 2224; x_wconf 87' lang='lat' dir='ltr'>vi,</span> <span class='ocrx_word' id='word_1_189' title='bbox 1380 2174 1565 2229; x_wconf 85' lang='lat' dir='ltr'>quanta</span> <span class='ocrx_word' id='word_1_190' title='bbox 1596 2165 1662 2213; x_wconf 89' lang='lat' dir='ltr'>ad</span> <span class='ocrx_word' id='word_1_191' title='bbox 1688 2180 1853 2214; x_wconf 84' lang='lat' dir='ltr'>earum</span> 
     </span>
     <span class='ocr_line' id='line_1_35' title="bbox 475 2238 1654 2304; baseline 0.003 -19"><span class='ocrx_word' id='word_1_192' title='bbox 475 2238 705 2286; x_wconf 90' lang='lat' dir='ltr'>duritiem</span> <span class='ocrx_word' id='word_1_193' title='bbox 729 2239 1051 2302; x_wconf 87' lang='lat' dir='ltr'>superandam</span> <span class='ocrx_word' id='word_1_194' title='bbox 1075 2257 1195 2304; x_wconf 91' lang='lat' dir='ltr'>opus</span> <span class='ocrx_word' id='word_1_195' title='bbox 1219 2248 1308 2299; x_wconf 90' lang='lat' dir='ltr'>est,</span> <span class='ocrx_word' id='word_1_196' title='bbox 1332 2256 1431 2288; x_wconf 90' lang='lat' dir='ltr'>non</span> <span class='ocrx_word' id='word_1_197' title='bbox 1453 2241 1654 2304; x_wconf 87' lang='lat' dir='ltr'>possint.</span> 
     </span>
     <span class='ocr_line' id='line_1_36' title="bbox 540 2312 1851 2372; baseline 0.004 -12"><span class='ocrx_word' id='word_1_198' title='bbox 540 2312 730 2361; x_wconf 89' lang='lat' dir='ltr'>Gradus</span> <span class='ocrx_word' id='word_1_199' title='bbox 768 2322 932 2362; x_wconf 91' lang='lat' dir='ltr'>autem</span> <span class='ocrx_word' id='word_1_200' title='bbox 963 2315 1161 2363; x_wconf 88' lang='lat' dir='ltr'>duritiei</span> <span class='ocrx_word' id='word_1_201' title='bbox 1196 2317 1572 2364; x_wconf 90' lang='lat' dir='ltr'>innumerabiles</span> <span class='ocrx_word' id='word_1_202' title='bbox 1603 2324 1744 2372; x_wconf 89' lang='lat' dir='ltr'>sunt;</span> <span class='ocrx_word' id='word_1_203' title='bbox 1779 2323 1851 2365; x_wconf 86' lang='lat' dir='ltr'>et-</span> 
     </span>
     <span class='ocr_line' id='line_1_37' title="bbox 474 2387 1852 2455; baseline 0.004 -21"><span class='ocrx_word' id='word_1_204' title='bbox 474 2387 604 2434; x_wconf 88' lang='lat' dir='ltr'>enim</span> <span class='ocrx_word' id='word_1_205' title='bbox 623 2389 798 2451; x_wconf 86' lang='lat' dir='ltr'>aliquis</span> <span class='ocrx_word' id='word_1_206' title='bbox 817 2405 957 2453; x_wconf 88' lang='lat' dir='ltr'>aquae</span> <span class='ocrx_word' id='word_1_207' title='bbox 971 2390 1098 2438; x_wconf 89' lang='lat' dir='ltr'>inest</span> <span class='ocrx_word' id='word_1_208' title='bbox 1114 2411 1126 2446; x_wconf 92' lang='lat'>;</span> <span class='ocrx_word' id='word_1_209' title='bbox 1160 2391 1212 2439; x_wconf 92' lang='lat' dir='ltr'>id</span> <span class='ocrx_word' id='word_1_210' title='bbox 1231 2391 1361 2455; x_wconf 92' lang='lat' dir='ltr'>quod</span> <span class='ocrx_word' id='word_1_211' title='bbox 1382 2408 1442 2439; x_wconf 88' lang='lat' dir='ltr'>ex</span> <span class='ocrx_word' id='word_1_212' title='bbox 1465 2407 1523 2440; x_wconf 90' lang='lat' dir='ltr'>eo</span> <span class='ocrx_word' id='word_1_213' title='bbox 1541 2391 1852 2440; x_wconf 85' lang='lat' dir='ltr'>manifestum</span> 
     </span>
     <span class='ocr_line' id='line_1_38' title="bbox 474 2464 1851 2531; baseline 0.004 -22"><span class='ocrx_word' id='word_1_214' title='bbox 474 2470 561 2518; x_wconf 89' lang='lat' dir='ltr'>est,</span> <span class='ocrx_word' id='word_1_215' title='bbox 587 2464 719 2525; x_wconf 92' lang='lat' dir='ltr'>quod</span> <span class='ocrx_word' id='word_1_216' title='bbox 742 2481 887 2527; x_wconf 91' lang='lat' dir='ltr'>super</span> <span class='ocrx_word' id='word_1_217' title='bbox 905 2465 1106 2528; x_wconf 89' lang='lat' dir='ltr'>planum</span> <span class='ocrx_word' id='word_1_218' title='bbox 1129 2467 1341 2514; x_wconf 88' lang='lat' dir='ltr'>existens</span> <span class='ocrx_word' id='word_1_219' title='bbox 1363 2467 1476 2526; x_wconf 90' lang='lat' dir='ltr'>huc,</span> <span class='ocrx_word' id='word_1_220' title='bbox 1493 2467 1624 2526; x_wconf 92' lang='lat' dir='ltr'>illuc,</span> <span class='ocrx_word' id='word_1_221' title='bbox 1645 2467 1851 2531; x_wconf 85' lang='lat' dir='ltr'>digitum</span> 
     </span>
     <span class='ocr_line' id='line_1_39' title="bbox 473 2541 1850 2604; baseline 0.004 -19"><span class='ocrx_word' id='word_1_222' title='bbox 473 2554 679 2600; x_wconf 91' lang='lat' dir='ltr'>sequens</span> <span class='ocrx_word' id='word_1_223' title='bbox 710 2541 922 2587; x_wconf 88' lang='lat' dir='ltr'>trahitur</span> <span class='ocrx_word' id='word_1_224' title='bbox 952 2557 1049 2604; x_wconf 92' lang='lat' dir='ltr'>quo</span> <span class='ocrx_word' id='word_1_225' title='bbox 1083 2542 1320 2590; x_wconf 90' lang='lat' dir='ltr'>volumus.</span> <span class='ocrx_word' id='word_1_226' title='bbox 1389 2542 1577 2590; x_wconf 89' lang='lat' dir='ltr'>Gradus</span> <span class='ocrx_word' id='word_1_227' title='bbox 1611 2542 1769 2590; x_wconf 90' lang='lat' dir='ltr'>adhuc</span> <span class='ocrx_word' id='word_1_228' title='bbox 1797 2541 1850 2590; x_wconf 88' lang='lat' dir='ltr'>in</span> 
     </span>
     <span class='ocr_line' id='line_1_40' title="bbox 472 2613 1850 2679; baseline 0.004 -19"><span class='ocrx_word' id='word_1_229' title='bbox 472 2613 743 2676; x_wconf 91' lang='lat' dir='ltr'>liquoribus</span> <span class='ocrx_word' id='word_1_230' title='bbox 758 2615 902 2662; x_wconf 90' lang='lat' dir='ltr'>lentis</span> <span class='ocrx_word' id='word_1_231' title='bbox 917 2617 1012 2679; x_wconf 90' lang='lat' dir='ltr'>maj</span> <span class='ocrx_word' id='word_1_232' title='bbox 1019 2632 1074 2664; x_wconf 93' lang='lat' dir='ltr'>or</span> <span class='ocrx_word' id='word_1_233' title='bbox 1090 2625 1178 2665; x_wconf 91' lang='lat' dir='ltr'>est.</span> <span class='ocrx_word' id='word_1_234' title='bbox 1243 2618 1310 2664; x_wconf 92' lang='lat' dir='ltr'>At</span> <span class='ocrx_word' id='word_1_235' title='bbox 1326 2617 1396 2664; x_wconf 92' lang='lat' dir='ltr'>illi</span> <span class='ocrx_word' id='word_1_236' title='bbox 1411 2633 1523 2664; x_wconf 90' lang='lat' dir='ltr'>cum</span> <span class='ocrx_word' id='word_1_237' title='bbox 1537 2616 1850 2665; x_wconf 84' lang='lat' dir='ltr'>effunduntur</span> 
     </span>
     <span class='ocr_line' id='line_1_41' title="bbox 475 2688 1849 2755; baseline 0.004 -20"><span class='ocrx_word' id='word_1_238' title='bbox 475 2688 839 2747; x_wconf 85' lang='lat' dir='ltr'>descendenteS,</span> <span class='ocrx_word' id='word_1_239' title='bbox 864 2691 916 2737; x_wconf 91' lang='lat' dir='ltr'>in</span> <span class='ocrx_word' id='word_1_240' title='bbox 938 2707 1090 2738; x_wconf 90' lang='lat' dir='ltr'>unum</span> <span class='ocrx_word' id='word_1_241' title='bbox 1121 2692 1259 2754; x_wconf 87' lang='lat' dir='ltr'>quasi</span> <span class='ocrx_word' id='word_1_242' title='bbox 1281 2692 1584 2739; x_wconf 89' lang='lat' dir='ltr'>filamentum</span> <span class='ocrx_word' id='word_1_243' title='bbox 1611 2707 1662 2739; x_wconf 89' lang='lat' dir='ltr'>se</span> <span class='ocrx_word' id='word_1_244' title='bbox 1689 2691 1849 2755; x_wconf 66' lang='lat' dir='ltr'>dispo-</span> 
     </span>
     <span class='ocr_line' id='line_1_42' title="bbox 471 2765 1844 2830; baseline 0.003 -20"><span class='ocrx_word' id='word_1_245' title='bbox 471 2771 610 2823; x_wconf 90' lang='lat' dir='ltr'>nunt,</span> <span class='ocrx_word' id='word_1_246' title='bbox 647 2772 697 2811; x_wconf 90' lang='lat' dir='ltr'>et</span> <span class='ocrx_word' id='word_1_247' title='bbox 738 2765 859 2812; x_wconf 89' lang='lat' dir='ltr'>illud</span> <span class='ocrx_word' id='word_1_248' title='bbox 893 2766 1218 2827; x_wconf 22' lang='lat' dir='ltr'>&#39;filamentum,</span> <span class='ocrx_word' id='word_1_249' title='bbox 1256 2774 1370 2814; x_wconf 87' lang='lat' dir='ltr'>ante</span> <span class='ocrx_word' id='word_1_250' title='bbox 1411 2783 1557 2830; x_wconf 90' lang='lat' dir='ltr'>quam</span> <span class='ocrx_word' id='word_1_251' title='bbox 1592 2766 1844 2830; x_wconf 82' lang='lat' dir='ltr'>rumpitur,</span> 
     </span>
     <span class='ocr_line' id='line_1_43' title="bbox 475 2839 1846 2902; baseline 0.003 -17"><span class='ocrx_word' id='word_1_252' title='bbox 475 2839 715 2887; x_wconf 91' lang='lat' dir='ltr'>diminuta</span> <span class='ocrx_word' id='word_1_253' title='bbox 735 2840 970 2902; x_wconf 89' lang='lat' dir='ltr'>paulatim</span> <span class='ocrx_word' id='word_1_254' title='bbox 1003 2842 1322 2889; x_wconf 85' lang='lat' dir='ltr'>crassitudine</span> <span class='ocrx_word' id='word_1_255' title='bbox 1351 2849 1658 2900; x_wconf 85' lang='lat' dir='ltr'>extenuatur,</span> <span class='ocrx_word' id='word_1_256' title='bbox 1691 2841 1761 2889; x_wconf 87' lang='lat' dir='ltr'>ita</span> <span class='ocrx_word' id='word_1_257' title='bbox 1788 2847 1846 2889; x_wconf 80' lang='lat' dir='ltr'>ut</span> 
     </span>
    </p>
   </div>
  </div>
 </body>
</html>
