1936 3262
366 263 439 305 xlii
744 276 855 305 vrrAE
877 275 1118 305 HOBBIANAE
1140 275 1417 305 Auc'rARmM.

364 386 514 442 saepius
533 386 753 429 convenire
777 387 972 444 dignatus
1000 395 1083 436 est3
1114 394 1156 428 et
1182 385 1386 442 insignem
1415 384 1627 427 seientiam
1656 399 1788 442 'quam

363 477 588 533 plurimum
618 476 856 527 admiratus,
892 476 1053 518 iconem
1083 475 1172 531 ejus
1200 484 1243 517 et
1270 474 1397 517 libros
1426 474 1650 525 universos,
1679 473 1791 517 inter

363 567 569 610 rarissima
589 567 859 610 Bibliothecae
882 566 1087 610 Medieeae
1113 566 1296 619 Κεῖμήλια
1325 565 1596 623 reponendoe,
1617 564 1790 609 domum

364 672 503 700 secum
522 657 766 714 deportavit.

421 747 545 790 Tunc
563 748 689 790 etiam
708 748 752 789 in
771 747 990 790 academiis
1017 746 1276 803 aliquantum
1304 745 1493 788 obtinere
1511 742 1792 801 coepitsphilo—

313 880 315 883 ,
363 837 506 894 sophia
527 837 763 889 Hobbiana,
785 847 827 881 et
839 838 1037 894 juventus
1055 837 1288 880 academica
1302 837 1345 878 in
1366 835 1539 893 publicis
1558 834 1791 878 scholarum

363 928 680 979 velitationibus,
701 929 913 985 opiniones
935 928 1179 971 Hobbianas
1197 927 1311 970 haud
1326 942 1419 969 raro
1435 925 1657 969 defendere
1672 924 1792 967 solita

364 1027 438 1061 est.
499 1018 616 1060 Inter
645 1018 745 1060 alios
766 1018 918 1060 Daniel
942 1014 1114 1075 Scargil,
1140 1018 1292 1060 artium
1321 1016 1627 1069 baccalaureus,
1645 1025 1688 1058 et
1706 1013 1791 1057 col-

363 1108 460 1165 legii
490 1108 685 1165 Corporis
717 1109 872 1151 Christi
901 1109 945 1149 in
974 1108 1185 1150 academia
1209 1106 1542 1164 Cantabrigiensi
1562 1106 1706 1157 socius,
1727 1105 1792 1148 vir

363 1197 510 1240 fervidi
541 1207 583 1240 et
611 1198 806 1254 praecocis
834 1198 1005 1254 ingenii,
1046 1207 1088 1240 et
1117 1198 1212 1240 vitae
1242 1197 1366 1254 paulo
1399 1196 1616 1246 solutioris,
1655 1195 1791 1238 theses

363 1289 563 1346 quasdam
594 1290 798 1332 incautius
827 1290 978 1341 forsan,
1006 1304 1049 1332 et
1074 1290 1204 1332 nimia
1232 1305 1325 1332 cum
1356 1289 1582 1332 acrimonia
1607 1299 1792 1345 propug-

363 1381 489 1424 navit.
550 1381 642 1424 Illae
663 1390 819 1432 autem,
847 1390 972 1438 prout
997 1381 1102 1438 typis
1130 1381 1353 1423 academiae
1382 1379 1557 1436 publicis
1585 1392 1790 1435 expressae

362 1470 582 1522 habentur,
621 1471 857 1528 hujusmodi
896 1481 1015 1513 erant
1027 1476 1125 1512 :-“
1150 1474 1233 1514 Jus
1271 1474 1447 1514 dominii
1482 1471 1706 1526 fundatur
1743 1471 1790 1511 in

356 1563 671 1617 potentia.”—“
689 1564 869 1605 Justitia
886 1566 1056 1606 moralis
1063 1565 1221 1618 pendet
1239 1579 1267 1605 a
1286 1563 1476 1605 civilibus
1493 1558 1792 1604 institutis-'’—

360 1651 387 1673 “
403 1653 626 1706 Scriptura
647 1653 783 1694 Sacra
797 1655 843 1694 in
857 1654 985 1707 leqem
1000 1655 1186 1694 sancitur
1199 1652 1447 1694 solwmmodo
1465 1665 1520 1693 ex
1532 1651 1791 1692 authoritate

362 1740 754 1797 maqz‘stratus.''—-“
787 1742 981 1796 Suprema·
1022 1744 1295 1796 mayistratus
1329 1743 1472 1797 jussis,
1518 1743 1598 1783 etsi
1635 1741 1791 1794 leyibus

362 1834 526 1882 divinis,
554 1848 643 1888 quae
677 1834 729 1874 de
761 1833 945 1875 moribus
976 1835 1075 1875 latae
1107 1839 1219 1882 sunt,
1252 1835 1484 1882 contrariis,
1507 1832 1790 1886 obtemperare

360 1923 558 1977 oportet.''

420 2012 584 2062 Quibus
603 2012 738 2063 aliam,
764 2012 895 2070 (quod
915 2011 1111 2068 suspicari
1130 2011 1243 2066 licet)
1259 2011 1426 2053 invidiae
1438 2009 1640 2067 augendae
1655 2010 1790 2067 gratia

361 2111 630 2144 attexuerunt
647 2102 747 2144 boni
767 2117 967 2152 censores,
990 2117 1115 2159 quam
1127 2117 1202 2158 pro
1218 2102 1322 2144 thesi
1340 2100 1620 2158 philosophica
1638 2109 1787 2151 sumat,

361 2192 435 2248 qui
463 2191 586 2242 volet,
625 2192 659 2233 si
688 2192 780 2249 quis
808 2191 912 2234 adeo
941 2206 1074 2234 caecus
1112 2201 1198 2233 est:
1237 2196 1264 2217 “
1287 2193 1408 2237 Quod
1430 2192 1652 2245 ylommm
1679 2198 1787 2240 erat,

361 2285 508 2325 atheus
525 2298 609 2324 esse
634 2290 676 2325 et
701 2285 899 2326 censeri.’'
958 2282 1043 2324 Ista
1068 2292 1207 2324 autem
1236 2281 1383 2338 positio
1411 2295 1464 2323 ex
1496 2280 1789 2337 consequentia

360 2371 460 2413 dieti
498 2371 713 2427 cujusdam
752 2371 859 2413 trahi
892 2371 1056 2422 dieitur,
1097 2371 1210 2428 quod
1246 2371 1504 2428 gloriaretur,
1545 2385 1588 2412 se
1618 2356 1789 2413 'Hobbii

360 2461 607 2517 discipulum
645 2470 771 2518 atque
809 2460 978 2503 atheum
1009 2477 1118 2504 esse:
1157 2461 1365 2504 vocabulis
1397 2476 1423 2503 a
1460 2460 1696 2502 censoribus
1728 2460 1791 2502 ita>

360 2550 499 2592 odiose
530 2550 747 2607 dispositis,
784 2560 982 2608 tanquam
1017 2551 1127 2594 idem
1155 2561 1349 2594 sonarent
1380 2550 1629 2593 Hobbianus
1661 2558 1811 2607 atque-

359 2640 516 2682 atheus.

417 2732 622 2790 Theologi
640 2743 794 2788 autem,
809 2734 881 2790 qui
902 2733 945 2775 in
974 2733 1192 2775 academiis
1220 2746 1381 2788 semper
1411 2740 1603 2788 regnant,
1632 2730 1788 2787 quique

359 2822 403 2863 in
422 2837 511 2863 rem
531 2837 646 2864 suam
666 2833 739 2865 aut
757 2823 973 2866 commoda
991 2823 1254 2880 peccantibus
1284 2822 1397 2864 haud
1416 2821 1534 2864 facile
1552 2821 1783 2878 ignoscunt,

358 2912 476 2955 illum
514 2928 590 2969 pro
624 2923 768 2956 senatu
802 2914 1048 2966 academico,
1085 2914 1157 2971 qui
1190 2913 1314 2956 etiam
1353 2928 1407 2955 ex
1443 2912 1539 2969 ipsis
1578 2910 1785 2967 praecipue
