1910 3256
320 223 391 257 DE
419 224 578 267 LUCE,
609 222 839 267 CALORE,
866 224 933 257 ET
960 223 1288 260 coLORIBUS.
1406 217 1498 268 371

210 350 260 383 e
283 334 580 399 colliquata;
618 336 695 383 sin
732 335 910 396 minus,
951 336 1169 385 emollita
1192 345 1243 385 et
1278 340 1504 402 sequacia
1556 347 1671 378 PARS
1688 347 1747 379 IV-

171 409 393 459 aductilia
416 427 522 459 esse
546 411 768 460 dicimus.
1557 391 1742 462 »Ξῖ-α

183 485 388 546 Rursus,
405 486 446 535 si
459 487 667 535 materia
680 488 837 551 ignita
846 487 1029 535 habeat
1047 487 1196 547 intus,
1211 489 1341 537 inter
1353 491 1505 553 parti-

134 588 166 606 ›
181 584 245 606 n:
275 563 438 622 duras,
460 563 726 627 particulas
745 564 864 612 alias
878 563 1089 612 inclusas
1104 564 1340 612 aethereas
1358 582 1504 628 aque-

160 660 193 679 n·
216 639 352 698 ·,fiet
369 646 427 687 ut
445 638 523 687 his
539 654 629 702 per
644 639 1080 688 commutationem
1097 639 1318 688 locorum
1333 657 1504 689 evoca-

142 712 199 774 Ῠ,
207 713 309 763 illae
320 714 393 762 ad
403 721 687 762 contactum
705 715 974 778 pleniorem
988 730 1094 762 sese
1116 715 1503 775 accommodent,

85 830 133 877 3
133 789 390 854 proinde
411 789 628 837 habeant
652 806 703 838 se
727 790 791 838 ad
806 790 1127 838 divulsionem
1151 791 1501 851 contumacius,

149 873 284 925 est,
308 871 471 913 totum
489 865 577 912 fiat
596 864 781 914 durius.
853 866 976 915 Quae
1012 882 1161 914 causa
1194 882 1299 915 esse
1321 875 1501 931 potest,

160 963 166 983 ι
228 940 439 990 eodem
425 956 541 1004 lgne
564 941 660 989 alia
682 941 959 1006 liquefiunt,
983 942 1079 990 alia
1100 942 1434 991 indurescunt.

139 1022 231 1066 9
265 1017 540 1081 Expertum
564 1025 655 1075 est,
681 1018 723 1065 si
745 1017 932 1066 foenum
954 1018 1207 1066 madidum
1231 1027 1502 1078 acervetur,
1522 1034 1627 1066 eausa
1644 1046 1739 1077 quare

147 1116 169 1136 ι
193 1109 221 1143 e
233 1101 292 1142 ut
312 1100 428 1157 post
446 1099 642 1157 tempus
662 1093 881 1157 aliquod,
896 1094 1054 1157 primo
1068 1094 1257 1142 fumum
1271 1102 1504 1159 tanquam
1520 1079 1780 1164 dufffflffffido

156 1197 159 1208 f
201 1169 360 1230 puis-wc
396 1168 608 1228 emittat,
652 1177 702 1217 et
746 1169 922 1217 deinde
957 1170 1264 1219 incendatur.
1347 1172 1506 1220 Causa
1521 1173 1782 1245 ζξζᾱξξζξῑζῑζξ

20 1285 21 1290 ,
85 1243 259 1310 ,hujus
280 1244 355 1293 rei
375 1251 543 1308 potest
567 1260 672 1292 esse
694 1245 817 1293 haec.
870 1245 1080 1293 Insunt
1068 1262 1120 1293 1n
1138 1246 1367 1295 concluso
1391 1263 1503 1295 aere
1520 1253 1771 1294 causafulguris·

70 1320 420 1385 <corpuscula
427 1320 513 1368 illa
536 1328 689 1379 mota,
726 1328 784 1368 ut
824 1321 1184 1384 supposuimus,
1220 1331 1359 1370 motu
1392 1323 1504 1371 sim-

16 1417 20 1453 ÷
82 1417 94 1449 ,ῃ
107 1395 262 1461 plice,
300 1403 492 1444 motum
537 1411 680 1444 suum
723 1395 961 1444 habentia
999 1396 1223 1457 liberum,
1270 1399 1356 1446 sed
1394 1415 1502 1462 quae

83 1471 450 1521 'descendente
483 1471 690 1519 humore
725 1487 883 1535 aqueo
922 1472 1159 1535 paulatim
1195 1474 1501 1534 cohibentur,

16 1546 19 1555 ¹
82 1547 426 1613 snppletisque
449 1563 579 1610 aqua
601 1546 901 1605 interstitiiS,
936 1563 1050 1610 pars
1073 1548 1268 1611 quidem
1291 1551 1504 1599 aetherea

101 1623 424 1690 ,venetrando
475 1639 653 1687 aquam
690 1622 943 1687 egreditur
963 1644 975 1678 ;
1011 1632 1063 1671 at
1099 1626 1388 1688 corpuscula
1421 1627 1504 1674 illa

14 1753 16 1758 ,
87 1704 90 1706 ’
112 1714 220 1749 non
242 1699 396 1748 fluida
418 1698 800 1758 contruduntur,
837 1699 909 1746 ita
948 1708 1006 1747 ut
1041 1716 1146 1749 sese
1179 1710 1351 1750 mutuo
1386 1719 1501 1751 con-

90 1775 366 1840 ,tangentia
387 1782 579 1823 motum
601 1775 861 1839 acquirant
884 1775 1314 1838 vehementiorem,
1330 1778 1501 1839 donec,

81 1858 267 1911 fmcto
289 1850 431 1900 valde
454 1858 610 1910 motu,
646 1850 846 1914 pellitur
881 1850 943 1900 ad
984 1859 1188 1901 externa
1208 1854 1366 1917 primo
1389 1869 1503 1919 pars

12 1955 16 1966 v
129 1949 133 1969 ι
159 1941 289 1987 uea,
312 1926 444 1975 unde
468 1934 675 1991 apparet
696 1943 879 1990 vapor3
904 1943 1034 1987 mox,
1060 1930 1347 1978 continuato
1366 1939 1504 1979 motu

12 2027 14 2030 -
79 1999 270 2069 ipsius
302 2002 425 2051 foeni
461 2003 667 2051 arefacti
704 2003 902 2051 evolant
928 2005 1180 2066 particulae
1211 2005 1307 2054 illae
1343 2007 1501 2055 minu-

11 2123 13 2139 ,
81 2078 336 2139 -xissimae,
360 2087 657 2144 receptaque
679 2079 923 2143 vertigine
946 2081 1158 2128 naturali
1179 2081 1344 2130 lucent
1374 2083 1500 2131 cale-

86 2155 416 2220 ixfaeiuntque,
439 2156 493 2204 id
515 2163 605 2215 est,
629 2156 905 2220 ignescunt.

10 2249 11 2256 ¹
77 2226 85 2236 ⁵
118 2263 123 2270 ·
185 2230 373 2282 Eadem
392 2239 444 2280 et
464 2231 715 2295 fulgurum
738 2247 885 2279 causa
907 2247 1011 2280 esse
1033 2240 1212 2296 potest.
1253 2233 1500 2282 Accidunt

8 2328 10 2353 z
74 2307 497 2372 sff-enimtempore
520 2307 638 2355 anni
663 2307 1038 2366 ferventissimo,
1076 2324 1171 2371 quo
1206 2316 1426 2373 tempore
1450 2318 1501 2358 et

8 2375 17 2426 3‘
72 2383 385 2470 ·«1>Ῥ11.11·111111111
407 2399 550 2447 aquae
573 2391 624 2431 et
647 2383 882 2431 altissime
906 2384 1138 2432 elevatur.
1208 2386 1324 2434 Post
1344 2387 1500 2434 nubes

8 2429 11 2477 ἔ
76 2454 300 2524 primas
323 2459 554 2523 elevatas,
581 2459 780 2507 elevatae
803 2459 910 2507 aliae
934 2460 1138 2523 aliaeque
1161 2468 1212 2508 et
1230 2462 1499 2525 congelatae

8 2487 18 2510 ς,

7 2511 14 2595 l
77 2535 324 2591 fiveniunt
357 2534 623 2594 interdum,
668 2534 776 2582 aliis
811 2534 1220 2584 descendentibus
1255 2537 1361 2584 aliis
1394 2554 1500 2585 sur-

77 2611 363 2676 gentibus,
409 2611 473 2660 ad
509 2626 826 2696 congressum
866 2611 1029 2668 talem,
1076 2620 1133 2659 ut
1168 2612 1219 2659 in
1255 2613 1496 2677 aliquibus

18 2747 19 2750 ,
77 2684 238 2737 &heis
271 2694 447 2735 coeant
482 2687 536 2735 in
573 2703 744 2746 unum,
782 2687 834 2735 in
872 2687 978 2736 aliis
1018 2687 1298 2752 relinquant
1339 2690 1498 2753 spatia

10 2801 12 2825 5
70 2759 252 2823 ‘5³va
275 2763 328 2811 in
352 2779 461 2828 quae
493 2763 665 2827 spatia,
692 2779 752 2811 ex
776 2780 1013 2812 concursu
1038 2765 1242 2812 nubium
1274 2767 1496 2829 partibus

8 2834 18 2887 ᾗ
71 2839 341 2888 aethereis
385 2839 815 2904 transpirantibuS,
862 2841 1151 2904 corpuscula
1193 2858 1294 2889 non
1345 2843 1497 2891 fluida

1223 2928 1358 2966 13132
