1936 3262
527 288 640 318 vl'rAE
663 288 910 317 HOBBIANAE
934 287 1218 316 AUCTARIUM.
1522 289 1607 316 XXV

139 406 268 443 ‘suum
289 399 556 458 mancipavit,
593 410 667 442 aut
699 400 810 442 intra
841 399 1184 442 scholasticorum
1206 397 1408 440 terminos
1429 398 1608 442 circum-

145 490 322 548 scripsit,
353 502 427 534 aut
457 492 640 550 seipsum
673 492 791 550 quasi
825 492 997 534 unicum
1031 491 1229 533 humanae
1262 491 1434 532 rationis
1469 507 1611 534 exem-

146 581 240 639 plar
258 597 509 640 proponens,
542 598 596 626 ex
618 582 845 625 reconditis
878 582 1131 640 quibusdam
1166 582 1407 624 notionibus
1442 584 1613 640 proprio

118 725 122 727 ‚
147 670 203 715 de
221 672 429 716 cerebello
448 673 590 724 erutis,
612 672 711 715 licet
731 688 874 715 rerum
894 682 1060 715 naturae
1081 682 1124 715 et
1144 673 1416 730 experientiae
1443 689 1613 730 prorsus

149 765 374 808 contrariis
387 765 593 808 scenicam
614 765 828 823 quandam
848 765 1044 807 conflavit
1064 763 1385 822 philosophiam,
1418 775 1492 807 aut
1513 766 1613 808 trio-

151 856 366 900 bolaribus
403 856 702 914 experimentis
742 866 908 913 tempus
948 855 1103 898 dicavit
1155 855 1321 911 (vitium
1363 855 1490 913 hujus
1532 846 1632 898 aevi'

151 947 327 991 literatis
367 948 543 990 nimium
589 947 823 1002 familiare.)
889 947 973 990 Sed
1014 962 1068 990 ex
1109 947 1303 989 universo
1344 948 1613 991 scientiarum

153 1040 258 1083 orbe
287 1039 562 1097 amplissimas
581 1055 680 1096 opes
701 1039 744 1081 in
767 1039 964 1082 aerarium
986 1054 1110 1081 suum
1131 1040 1420 1096 comportavit,
1455 1050 1497 1082 et
1517 1041 1616 1084 fidae

155 1131 328 1175 rationis
361 1131 554 1188 auspiciis
588 1131 890 1188 sapientissime
926 1130 1110 1188 digessit.
1174 1130 1262 1173 Illis
1294 1133 1553 1188 temporibus
1574 1134 1618 1174 in

156 1221 384 1266 amicitiam
405 1234 596 1281 receptus
626 1233 689 1265 est
724 1223 936 1265 Francisci
974 1222 1146 1273 Baconi,
1186 1222 1419 1265 Verulamii
1442 1224 1620 1267 Baronis

159 1324 203 1358 et
222 1315 490 1357 Vicecomitis
528 1315 672 1357 Sancti
697 1314 868 1364 Albani,
906 1313 1049 1371 magni
1087 1312 1257 1371 Angliae
1295 1313 1547 1358 Cancellarii
1579 1327 1622 1359 et

161 1405 436 1463 philosophiae
487 1404 685 1455 Atlantis,
740 1404 812 1462 qui
857 1403 968 1446 illius
1017 1404 1320 1447 consuetudine
1368 1421 1624 1464 magnopere

163 1496 393 1540 delectatus
418 1506 508 1549 est3
546 1506 589 1539 et
620 1497 675 1539 ab
709 1496 798 1553 ipso
829 1496 872 1537 in
903 1494 1117 1537 honnullis
1152 1495 1315 1553 scriptis
1350 1498 1434 1540 suis
1471 1498 1625 1542 Latine

165 1587 376 1631 vertendis
410 1587 592 1645 adjutus,
630 1588 703 1646 qui
737 1588 949 1630 neminem
981 1587 1164 1644 cogitata
1184 1602 1259 1630 sua
1279 1598 1396 1631 tanta
1428 1589 1626 1633 facilitate

165 1679 386 1737 concipere
416 1690 544 1738 atque
578 1680 791 1723 Thomam
827 1679 1049 1722 Hobbium
1082 1680 1234 1736 passim
1266 1681 1497 1737 praedicare
1531 1682 1628 1725 soli—

167 1782 235 1815 tus
275 1782 350 1815 est.
426 1773 560 1815 Carus
606 1773 733 1815 etiam
774 1773 854 1815 fuit
895 1772 1094 1815 Edoardo
1145 1772 1346 1824 Herbert,
1397 1774 1555 1816 Baroni
1576 1775 1629 1817 de

171 1863 408 1921 Cherbury,
441 1864 688 1922 philosopho
723 1876 766 1906 et
797 1864 992 1906 historico
1031 1879 1195 1906 summo
1228 1876 1270 1906 et
1305 1865 1467 1922 scriptis
1503 1865 1629 1908 claro.

174 1955 322 1999 Coluit
341 1970 512 2013 quoque
533 1955 640 1998 Ben.
657 1954 934 2006 Johnsonum,
950 1963 1115 2012 poetam
1138 1955 1386 2007 laureatum,
1407 1958 1634 2015 Anglicani

171 2048 373 2091 dramatis
409 2047 530 2090 facile.
564 2047 824 2105 principem3
856 2058 898 2089 et
920 2047 1216 2105 Thucydidem
1251 2064 1374 2090 suum
1405 2059 1632 2107 antequam

172 2139 304 2198 praelo
338 2140 685 2189 committeretur,
723 2139 813 2195 ejus
845 2139 1029 2180 examini
1050 2149 1092 2180 et
1117 2139 1279 2195 judicio
1312 2141 1502 2197 subjecit.
1563 2142 1634 2184 Ad

173 2231 359 2289 ejusdem
397 2246 566 2289 quoque
600 2230 737 2287 operis
772 2245 992 2272 censuram
1024 2230 1067 2270 in
1100 2240 1239 2286 partes
1271 2232 1433 2274 vocavit
1453 2233 1635 2275 amicum

175 2337 386 2365 summum
411 2321 648 2364 Robertum
671 2322 828 2378 Ayton‚
861 2321 1062 2378 Equitem
1082 2331 1290 2373 auratum,
1317 2322 1636 2366 Scoto-Britan-

177 2428 294 2464 num,
329 2413 470 2456 Annae
494 2412 674 2470 Reginae
694 2428 718 2454 e
743 2413 934 2463 Secretis,
958 2413 1093 2454 virum
1115 2413 1229 2470 poesi
1249 2413 1457 2456 celebrem
1478 2425 1521 2456 et
1541 2415 1637 2472 styli

177 2504 385 2547 arbitrum
405 2503 654 2561 elegantem.

237 2595 418 2637 Duobus
452 2595 613 2638 interea
645 2595 911 2638 nobilissimis
949 2596 1167 2639 funeribus
1208 2596 1399 2654 lugubris
1435 2598 1543 2641 facta
1578 2610 1640 2642 est
1687 2603 1689 2605 ’

183 2685 440 2730 Candisiana
452 2685 614 2728 domus.
646 2687 775 2729 Anno
792 2690 901 2730 1626
918 2687 1169 2739 Gulielmus,
1187 2688 1391 2731 Devoniae
1407 2690 1572 2741 Comes,
1587 2691 1640 2733 ad

182 2792 354 2834 superos
374 2777 596 2834 migravit3
628 2793 752 2835 quem
776 2778 947 2821 biennio
968 2789 1074 2836 post,
1104 2788 1238 2821 morte
1259 2780 1383 2822 nimis
1403 2780 1640 2833 immatura,

183 2869 395 2912 insecutus
415 2878 478 2912 est
498 2869 621 2921 filius,
653 2871 772 2926 cujus
793 2871 931 2914 obitus
962 2880 1010 2912 ut
1039 2871 1161 2913 bonis
1191 2872 1386 2914 omnibus
1415 2873 1642 2925 luctuosus,

183 2961 244 3004 ita
266 2960 440 3004 Hobbio
462 2959 743 3004 tristissimum
764 2960 936 3018 reliquit
965 2961 1221 3004 desiderium
1253 2964 1466 3021 magnifici
1486 2965 1645 3008 studio-
