<?xml version="1.0" encoding="UTF-8"?>
<!DOCTYPE html PUBLIC "-//W3C//DTD XHTML 1.0 Transitional//EN"
    "http://www.w3.org/TR/xhtml1/DTD/xhtml1-transitional.dtd">
<html xmlns="http://www.w3.org/1999/xhtml" xml:lang="en" lang="en">
 <head>
  <title>
</title>
<meta http-equiv="Content-Type" content="text/html;charset=utf-8" />
  <meta name='ocr-system' content='tesseract 3.04.00' />
  <meta name='ocr-capabilities' content='ocr_page ocr_carea ocr_par ocr_line ocrx_word'/>
</head>
<body>
  <div class='ocr_page' id='page_1' title='image "./operaphilosophic01hobbuoft_0533.png"; bbox 0 0 1910 3256; ppageno 0'>
   <div class='ocr_carea' id='block_1_1' title="bbox 369 251 1510 308">
    <p class='ocr_par' dir='ltr' id='par_1_1' title="bbox 369 251 1510 308">
     <span class='ocr_line' id='line_1_1' title="bbox 369 251 1510 308; baseline -0.002 -11"><span class='ocrx_word' id='word_1_1' title='bbox 369 261 440 296; x_wconf 81' lang='lat' dir='ltr'>DE</span> <span class='ocrx_word' id='word_1_2' title='bbox 469 263 630 308; x_wconf 81' lang='lat' dir='ltr'>soNO,</span> <span class='ocrx_word' id='word_1_3' title='bbox 658 262 862 307; x_wconf 70' lang='lat' dir='ltr'>ononn,</span> <span class='ocrx_word' id='word_1_4' title='bbox 889 262 1117 307; x_wconf 77' lang='lat' dir='ltr'>sAPORE,</span> <span class='ocrx_word' id='word_1_5' title='bbox 1144 262 1259 296; x_wconf 75' lang='lat' dir='ltr'>mc,</span> <span class='ocrx_word' id='word_1_6' title='bbox 1412 251 1510 296; x_wconf 89' lang='lat'>409</span> 
     </span>
    </p>
   </div>
   <div class='ocr_carea' id='block_1_2' title="bbox 6 373 1820 2866">
    <p class='ocr_par' dir='ltr' id='par_1_2' title="bbox 118 373 1820 892">
     <span class='ocr_line' id='line_1_2' title="bbox 127 373 1753 452; baseline -0.001 -31"><span class='ocrx_word' id='word_1_7' title='bbox 127 380 293 421; x_wconf 78' lang='lat' dir='ltr'>motus</span> <span class='ocrx_word' id='word_1_8' title='bbox 329 375 542 437; x_wconf 90' lang='lat' dir='ltr'>partium</span> <span class='ocrx_word' id='word_1_9' title='bbox 577 375 649 423; x_wconf 87' lang='lat' dir='ltr'>rei</span> <span class='ocrx_word' id='word_1_10' title='bbox 691 375 906 422; x_wconf 89' lang='lat' dir='ltr'>odoratae</span> <span class='ocrx_word' id='word_1_11' title='bbox 948 373 1275 421; x_wconf 87' lang='lat' dir='ltr'>invisibilium.</span> <span class='ocrx_word' id='word_1_12' title='bbox 1346 373 1513 421; x_wconf 89' lang='lat' dir='ltr'>Partes</span> <span class='ocrx_word' id='word_1_13' title='bbox 1560 376 1678 452; x_wconf 52' lang='grc' dir='ltr'>ΡΑῙὲξ</span> <span class='ocrx_word' id='word_1_14' title='bbox 1695 373 1753 407; x_wconf 82' lang='lat' dir='ltr'>IV·</span> 
     </span>
     <span class='ocr_line' id='line_1_3' title="bbox 129 443 1820 511; baseline -0.001 -15"><span class='ocrx_word' id='word_1_15' title='bbox 129 457 295 497; x_wconf 85' lang='lat' dir='ltr'>autem</span> <span class='ocrx_word' id='word_1_16' title='bbox 334 450 411 498; x_wconf 88' lang='lat' dir='ltr'>hae</span> <span class='ocrx_word' id='word_1_17' title='bbox 457 450 722 498; x_wconf 82' lang='lat' dir='ltr'>invisibiles</span> <span class='ocrx_word' id='word_1_18' title='bbox 758 450 836 498; x_wconf 91' lang='lat' dir='ltr'>vel</span> <span class='ocrx_word' id='word_1_19' title='bbox 873 456 1053 497; x_wconf 88' lang='lat' dir='ltr'>exeunt</span> <span class='ocrx_word' id='word_1_20' title='bbox 1090 448 1151 496; x_wconf 87' lang='lat' dir='ltr'>ab</span> <span class='ocrx_word' id='word_1_21' title='bbox 1189 449 1398 511; x_wconf 90' lang='lat' dir='ltr'>objecto,</span> <span class='ocrx_word' id='word_1_22' title='bbox 1435 449 1509 496; x_wconf 91' lang='lat' dir='ltr'>vel</span> <span class='ocrx_word' id='word_1_23' title='bbox 1566 443 1755 490; x_wconf 41' lang='grc' dir='ltr'>κ--Ὑ-’ω</span> <span class='ocrx_word' id='word_1_24' title='bbox 1812 461 1820 479; x_wconf 63' lang='lat'>⁸</span> 
     </span>
     <span class='ocr_line' id='line_1_4' title="bbox 118 510 1801 596; baseline 0 -24"><span class='ocrx_word' id='word_1_25' title='bbox 118 525 395 573; x_wconf 86' lang='lat' dir='ltr'>-retinentes</span> <span class='ocrx_word' id='word_1_26' title='bbox 418 525 580 584; x_wconf 91' lang='lat' dir='ltr'>situm,</span> <span class='ocrx_word' id='word_1_27' title='bbox 618 542 761 588; x_wconf 92' lang='lat' dir='ltr'>quem</span> <span class='ocrx_word' id='word_1_28' title='bbox 797 532 911 573; x_wconf 88' lang='lat' dir='ltr'>ante</span> <span class='ocrx_word' id='word_1_29' title='bbox 947 541 1059 572; x_wconf 91' lang='lat' dir='ltr'>cum</span> <span class='ocrx_word' id='word_1_30' title='bbox 1082 523 1271 572; x_wconf 71' lang='lat' dir='ltr'>caeteris</span> <span class='ocrx_word' id='word_1_31' title='bbox 1294 524 1514 588; x_wconf 88' lang='lat' dir='ltr'>partibus</span> <span class='ocrx_word' id='word_1_32' title='bbox 1530 510 1801 596; x_wconf 46' lang='grc' dir='ltr'>ἓζξῗξζῗζζῗζξ</span> 
     </span>
     <span class='ocr_line' id='line_1_5' title="bbox 129 598 1770 675; baseline 0 -28"><span class='ocrx_word' id='word_1_33' title='bbox 129 599 393 659; x_wconf 86' lang='lat' dir='ltr'>habebant,</span> <span class='ocrx_word' id='word_1_34' title='bbox 418 618 516 649; x_wconf 89' lang='lat' dir='ltr'>una</span> <span class='ocrx_word' id='word_1_35' title='bbox 539 618 651 648; x_wconf 90' lang='lat' dir='ltr'>cum</span> <span class='ocrx_word' id='word_1_36' title='bbox 674 602 768 649; x_wconf 89' lang='lat' dir='ltr'>illis</span> <span class='ocrx_word' id='word_1_37' title='bbox 792 608 1064 659; x_wconf 84' lang='lat' dir='ltr'>moventur,</span> <span class='ocrx_word' id='word_1_38' title='bbox 1087 601 1181 648; x_wconf 91' lang='lat' dir='ltr'>hoc</span> <span class='ocrx_word' id='word_1_39' title='bbox 1205 607 1294 655; x_wconf 87' lang='lat' dir='ltr'>est,</span> <span class='ocrx_word' id='word_1_40' title='bbox 1327 608 1516 648; x_wconf 90' lang='lat' dir='ltr'>motum</span> <span class='ocrx_word' id='word_1_41' title='bbox 1533 598 1770 675; x_wconf 47' lang='lat' dir='ltr'>ezn‘glrfjgfiffli‘</span> 
     </span>
     <span class='ocr_line' id='line_1_6' title="bbox 121 654 1708 740; baseline -0.001 -16"><span class='ocrx_word' id='word_1_42' title='bbox 121 675 316 725; x_wconf 84' lang='lat' dir='ltr'>habent</span> <span class='ocrx_word' id='word_1_43' title='bbox 338 677 605 740; x_wconf 88' lang='lat' dir='ltr'>simplicem</span> <span class='ocrx_word' id='word_1_44' title='bbox 631 686 681 725; x_wconf 88' lang='lat' dir='ltr'>et</span> <span class='ocrx_word' id='word_1_45' title='bbox 704 677 1011 725; x_wconf 86' lang='lat' dir='ltr'>invisibilem.</span> <span class='ocrx_word' id='word_1_46' title='bbox 1082 676 1182 726; x_wconf 74' lang='lat' dir='ltr'>Qui</span> <span class='ocrx_word' id='word_1_47' title='bbox 1201 676 1333 723; x_wconf 86' lang='lat' dir='ltr'>exire</span> <span class='ocrx_word' id='word_1_48' title='bbox 1358 692 1384 723; x_wconf 89' lang='lat' dir='ltr'>e</span> <span class='ocrx_word' id='word_1_49' title='bbox 1408 692 1516 723; x_wconf 87' lang='lat' dir='ltr'>cor·</span> <span class='ocrx_word' id='word_1_50' title='bbox 1533 654 1554 685; x_wconf 69' lang='lat' dir='ltr'>g</span> <span class='ocrx_word' id='word_1_51' title='bbox 1698 663 1708 674; x_wconf 67' lang='grc'><strong><em>’</em></strong></span> 
     </span>
     <span class='ocr_line' id='line_1_7' title="bbox 125 751 1514 817; baseline -0.001 -17"><span class='ocrx_word' id='word_1_52' title='bbox 125 767 251 816; x_wconf 86' lang='lat' dir='ltr'>pore</span> <span class='ocrx_word' id='word_1_53' title='bbox 286 753 492 801; x_wconf 87' lang='lat' dir='ltr'>odorato</span> <span class='ocrx_word' id='word_1_54' title='bbox 539 753 723 817; x_wconf 91' lang='lat' dir='ltr'>aliquid</span> <span class='ocrx_word' id='word_1_55' title='bbox 765 754 950 812; x_wconf 84' lang='lat' dir='ltr'>dicunt,</span> <span class='ocrx_word' id='word_1_56' title='bbox 997 752 1190 801; x_wconf 89' lang='lat' dir='ltr'>effiuvia</span> <span class='ocrx_word' id='word_1_57' title='bbox 1234 751 1514 815; x_wconf 82' lang='lat' dir='ltr'>appellant3</span> 
     </span>
     <span class='ocr_line' id='line_1_8' title="bbox 130 827 1521 892; baseline -0.001 -16"><span class='ocrx_word' id='word_1_58' title='bbox 130 837 343 892; x_wconf 83' lang='lat' dir='ltr'>suntque</span> <span class='ocrx_word' id='word_1_59' title='bbox 365 829 443 877; x_wconf 86' lang='lat' dir='ltr'>vel</span> <span class='ocrx_word' id='word_1_60' title='bbox 467 830 754 878; x_wconf 88' lang='lat' dir='ltr'>substantiae</span> <span class='ocrx_word' id='word_1_61' title='bbox 789 830 1016 878; x_wconf 84' lang='lat' dir='ltr'>aethereae</span> <span class='ocrx_word' id='word_1_62' title='bbox 1054 828 1261 886; x_wconf 86' lang='lat' dir='ltr'>effluvia,</span> <span class='ocrx_word' id='word_1_63' title='bbox 1295 827 1374 875; x_wconf 90' lang='lat' dir='ltr'>vel</span> <span class='ocrx_word' id='word_1_64' title='bbox 1410 842 1521 874; x_wconf 89' lang='lat' dir='ltr'>cor--</span> 
     </span>
    </p>

    <p class='ocr_par' dir='ltr' id='par_1_3' title="bbox 84 904 1526 2487">
     <span class='ocr_line' id='line_1_9' title="bbox 84 904 989 969; baseline 0.001 -17"><span class='ocrx_word' id='word_1_65' title='bbox 84 924 85 927; x_wconf 45' lang='lat'>¹</span> <span class='ocrx_word' id='word_1_66' title='bbox 128 904 449 968; x_wconf 74' lang='lat' dir='ltr'>pusculorum</span> <span class='ocrx_word' id='word_1_67' title='bbox 471 905 542 952; x_wconf 92' lang='lat' dir='ltr'>illi</span> <span class='ocrx_word' id='word_1_68' title='bbox 565 905 989 969; x_wconf 86' lang='lat' dir='ltr'>interspersorum.</span> 
     </span>
     <span class='ocr_line' id='line_1_10' title="bbox 131 979 1518 1029; baseline -0.001 0"><span class='ocrx_word' id='word_1_69' title='bbox 131 984 134 987; x_wconf 79' lang='grc'><strong>’</strong></span> <span class='ocrx_word' id='word_1_70' title='bbox 197 979 346 1029; x_wconf 78' lang='lat' dir='ltr'>Quod</span> <span class='ocrx_word' id='word_1_71' title='bbox 369 988 535 1028; x_wconf 89' lang='lat' dir='ltr'>autem</span> <span class='ocrx_word' id='word_1_72' title='bbox 559 981 769 1029; x_wconf 85' lang='lat' dir='ltr'>varietas</span> <span class='ocrx_word' id='word_1_73' title='bbox 794 981 1001 1029; x_wconf 89' lang='lat' dir='ltr'>odorum</span> <span class='ocrx_word' id='word_1_74' title='bbox 1024 982 1085 1028; x_wconf 90' lang='lat' dir='ltr'>ab</span> <span class='ocrx_word' id='word_1_75' title='bbox 1121 980 1323 1028; x_wconf 90' lang='lat' dir='ltr'>effluviis</span> <span class='ocrx_word' id='word_1_76' title='bbox 1346 995 1518 1027; x_wconf 87' lang='lat' dir='ltr'>nasca-</span> 
     </span>
     <span class='ocr_line' id='line_1_11' title="bbox 127 1056 1519 1119; baseline -0.001 -15"><span class='ocrx_word' id='word_1_77' title='bbox 127 1063 215 1104; x_wconf 81' lang='lat' dir='ltr'>tur</span> <span class='ocrx_word' id='word_1_78' title='bbox 235 1056 636 1119; x_wconf 83' lang='lat' dir='ltr'>corpusculorum</span> <span class='ocrx_word' id='word_1_79' title='bbox 667 1056 955 1105; x_wconf 81' lang='lat' dir='ltr'>substantiae</span> <span class='ocrx_word' id='word_1_80' title='bbox 990 1056 1215 1104; x_wconf 86' lang='lat' dir='ltr'>aethereae</span> <span class='ocrx_word' id='word_1_81' title='bbox 1251 1056 1519 1119; x_wconf 89' lang='lat' dir='ltr'>intersper-</span> 
     </span>
     <span class='ocr_line' id='line_1_12' title="bbox 130 1132 1520 1197; baseline 0 -18"><span class='ocrx_word' id='word_1_82' title='bbox 130 1142 312 1190; x_wconf 82' lang='lat' dir='ltr'>sorum‚</span> <span class='ocrx_word' id='word_1_83' title='bbox 336 1132 623 1181; x_wconf 88' lang='lat' dir='ltr'>incredibile</span> <span class='ocrx_word' id='word_1_84' title='bbox 646 1133 851 1192; x_wconf 87' lang='lat' dir='ltr'>faciunt,</span> <span class='ocrx_word' id='word_1_85' title='bbox 883 1133 1059 1197; x_wconf 91' lang='lat' dir='ltr'>primo,</span> <span class='ocrx_word' id='word_1_86' title='bbox 1099 1132 1232 1196; x_wconf 89' lang='lat' dir='ltr'>quod</span> <span class='ocrx_word' id='word_1_87' title='bbox 1269 1140 1520 1195; x_wconf 86' lang='lat' dir='ltr'>unguenta</span> 
     </span>
     <span class='ocr_line' id='line_1_13' title="bbox 131 1207 1520 1273; baseline 0 -18"><span class='ocrx_word' id='word_1_88' title='bbox 131 1207 373 1271; x_wconf 73' lang='lat' dir='ltr'>quaedam,</span> <span class='ocrx_word' id='word_1_89' title='bbox 421 1224 573 1272; x_wconf 88' lang='lat' dir='ltr'>eaque</span> <span class='ocrx_word' id='word_1_90' title='bbox 619 1209 747 1258; x_wconf 93' lang='lat' dir='ltr'>mole</span> <span class='ocrx_word' id='word_1_91' title='bbox 793 1209 985 1273; x_wconf 85' lang='lat' dir='ltr'>exigua,</span> <span class='ocrx_word' id='word_1_92' title='bbox 1035 1208 1236 1257; x_wconf 89' lang='lat' dir='ltr'>odorem</span> <span class='ocrx_word' id='word_1_93' title='bbox 1288 1208 1520 1256; x_wconf 85' lang='lat' dir='ltr'>emittant</span> 
     </span>
     <span class='ocr_line' id='line_1_14' title="bbox 130 1282 1521 1349; baseline 0 -18"><span class='ocrx_word' id='word_1_94' title='bbox 130 1282 328 1343; x_wconf 87' lang='lat' dir='ltr'>fortem,</span> <span class='ocrx_word' id='word_1_95' title='bbox 351 1301 453 1333; x_wconf 90' lang='lat' dir='ltr'>non</span> <span class='ocrx_word' id='word_1_96' title='bbox 486 1285 633 1333; x_wconf 93' lang='lat' dir='ltr'>modo</span> <span class='ocrx_word' id='word_1_97' title='bbox 668 1301 758 1348; x_wconf 90' lang='lat' dir='ltr'>per</span> <span class='ocrx_word' id='word_1_98' title='bbox 794 1285 951 1349; x_wconf 90' lang='lat' dir='ltr'>spatia</span> <span class='ocrx_word' id='word_1_99' title='bbox 986 1285 1098 1344; x_wconf 90' lang='lat' dir='ltr'>loci,</span> <span class='ocrx_word' id='word_1_100' title='bbox 1140 1284 1227 1333; x_wconf 88' lang='lat' dir='ltr'>sed</span> <span class='ocrx_word' id='word_1_101' title='bbox 1261 1284 1410 1332; x_wconf 88' lang='lat' dir='ltr'>etiam</span> <span class='ocrx_word' id='word_1_102' title='bbox 1431 1299 1521 1348; x_wconf 92' lang='lat' dir='ltr'>per</span> 
     </span>
     <span class='ocr_line' id='line_1_15' title="bbox 133 1359 1521 1425; baseline -0.001 -18"><span class='ocrx_word' id='word_1_103' title='bbox 133 1360 292 1423; x_wconf 87' lang='lat' dir='ltr'>spatia</span> <span class='ocrx_word' id='word_1_104' title='bbox 335 1368 613 1425; x_wconf 84' lang='lat' dir='ltr'>temporum</span> <span class='ocrx_word' id='word_1_105' title='bbox 657 1361 958 1425; x_wconf 84' lang='lat' dir='ltr'>longissima,</span> <span class='ocrx_word' id='word_1_106' title='bbox 1017 1376 1221 1424; x_wconf 89' lang='lat' dir='ltr'>quaeque</span> <span class='ocrx_word' id='word_1_107' title='bbox 1277 1360 1329 1407; x_wconf 92' lang='lat' dir='ltr'>in</span> <span class='ocrx_word' id='word_1_108' title='bbox 1386 1359 1521 1407; x_wconf 88' lang='lat' dir='ltr'>omni</span> 
     </span>
     <span class='ocr_line' id='line_1_16' title="bbox 131 1436 1521 1501; baseline -0.001 -17"><span class='ocrx_word' id='word_1_109' title='bbox 131 1444 318 1499; x_wconf 87' lang='lat' dir='ltr'>puncto</span> <span class='ocrx_word' id='word_1_110' title='bbox 343 1436 487 1500; x_wconf 88' lang='lat' dir='ltr'>spatii</span> <span class='ocrx_word' id='word_1_111' title='bbox 509 1436 637 1485; x_wconf 93' lang='lat' dir='ltr'>illius</span> <span class='ocrx_word' id='word_1_112' title='bbox 662 1437 834 1485; x_wconf 88' lang='lat' dir='ltr'>sentiri</span> <span class='ocrx_word' id='word_1_113' title='bbox 855 1445 1063 1501; x_wconf 85' lang='lat' dir='ltr'>possunt</span> <span class='ocrx_word' id='word_1_114' title='bbox 1083 1457 1094 1492; x_wconf 92' lang='lat'>;</span> <span class='ocrx_word' id='word_1_115' title='bbox 1131 1436 1254 1484; x_wconf 87' lang='lat' dir='ltr'>adeo</span> <span class='ocrx_word' id='word_1_116' title='bbox 1278 1447 1335 1483; x_wconf 86' lang='lat' dir='ltr'>ut</span> <span class='ocrx_word' id='word_1_117' title='bbox 1356 1442 1521 1499; x_wconf 89' lang='lat' dir='ltr'>partes</span> 
     </span>
     <span class='ocr_line' id='line_1_17' title="bbox 132 1511 1522 1576; baseline -0.001 -17"><span class='ocrx_word' id='word_1_118' title='bbox 132 1511 323 1560; x_wconf 85' lang='lat' dir='ltr'>effiuxae</span> <span class='ocrx_word' id='word_1_119' title='bbox 341 1512 552 1576; x_wconf 85' lang='lat' dir='ltr'>spatium</span> <span class='ocrx_word' id='word_1_120' title='bbox 577 1513 822 1576; x_wconf 91' lang='lat' dir='ltr'>complere</span> <span class='ocrx_word' id='word_1_121' title='bbox 846 1512 1072 1571; x_wconf 85' lang='lat' dir='ltr'>debeant,</span> <span class='ocrx_word' id='word_1_122' title='bbox 1086 1513 1345 1576; x_wconf 88' lang='lat' dir='ltr'>plusquam</span> <span class='ocrx_word' id='word_1_123' title='bbox 1360 1511 1522 1559; x_wconf 87' lang='lat' dir='ltr'>decies</span> 
     </span>
     <span class='ocr_line' id='line_1_18' title="bbox 133 1587 1524 1652; baseline -0.001 -17"><span class='ocrx_word' id='word_1_124' title='bbox 133 1587 308 1636; x_wconf 89' lang='lat' dir='ltr'>millies</span> <span class='ocrx_word' id='word_1_125' title='bbox 349 1589 507 1652; x_wconf 86' lang='lat' dir='ltr'>majus</span> <span class='ocrx_word' id='word_1_126' title='bbox 546 1605 692 1652; x_wconf 89' lang='lat' dir='ltr'>quam</span> <span class='ocrx_word' id='word_1_127' title='bbox 735 1597 810 1637; x_wconf 86' lang='lat' dir='ltr'>est</span> <span class='ocrx_word' id='word_1_128' title='bbox 845 1589 1004 1652; x_wconf 90' lang='lat' dir='ltr'>ipsum</span> <span class='ocrx_word' id='word_1_129' title='bbox 1046 1596 1241 1643; x_wconf 82' lang='lat' dir='ltr'>totum3</span> <span class='ocrx_word' id='word_1_130' title='bbox 1281 1587 1412 1651; x_wconf 91' lang='lat' dir='ltr'>quod</span> <span class='ocrx_word' id='word_1_131' title='bbox 1448 1594 1524 1634; x_wconf 87' lang='lat' dir='ltr'>est</span> 
     </span>
     <span class='ocr_line' id='line_1_19' title="bbox 133 1663 1524 1727; baseline -0.001 -15"><span class='ocrx_word' id='word_1_132' title='bbox 133 1664 450 1727; x_wconf 84' lang='lat' dir='ltr'>impossibile.</span> <span class='ocrx_word' id='word_1_133' title='bbox 522 1664 765 1724; x_wconf 83' lang='lat' dir='ltr'>Secundo,</span> <span class='ocrx_word' id='word_1_134' title='bbox 801 1665 933 1727; x_wconf 83' lang='lat' dir='ltr'>quod</span> <span class='ocrx_word' id='word_1_135' title='bbox 966 1665 1066 1712; x_wconf 90' lang='lat' dir='ltr'>sive</span> <span class='ocrx_word' id='word_1_136' title='bbox 1105 1665 1308 1712; x_wconf 84' lang='lat' dir='ltr'>effluxus</span> <span class='ocrx_word' id='word_1_137' title='bbox 1331 1663 1412 1711; x_wconf 89' lang='lat' dir='ltr'>ille</span> <span class='ocrx_word' id='word_1_138' title='bbox 1435 1663 1524 1710; x_wconf 89' lang='lat' dir='ltr'>fiat</span> 
     </span>
     <span class='ocr_line' id='line_1_20' title="bbox 135 1739 1525 1798; baseline -0.001 -11"><span class='ocrx_word' id='word_1_139' title='bbox 135 1748 275 1788; x_wconf 89' lang='lat' dir='ltr'>motu</span> <span class='ocrx_word' id='word_1_140' title='bbox 298 1747 451 1797; x_wconf 87' lang='lat' dir='ltr'>recto,</span> <span class='ocrx_word' id='word_1_141' title='bbox 478 1740 578 1788; x_wconf 91' lang='lat' dir='ltr'>sive</span> <span class='ocrx_word' id='word_1_142' title='bbox 601 1747 739 1788; x_wconf 91' lang='lat' dir='ltr'>motu</span> <span class='ocrx_word' id='word_1_143' title='bbox 763 1757 930 1798; x_wconf 79' lang='lat' dir='ltr'>curvo,</span> <span class='ocrx_word' id='word_1_144' title='bbox 956 1740 997 1787; x_wconf 90' lang='lat' dir='ltr'>si</span> <span class='ocrx_word' id='word_1_145' title='bbox 1019 1740 1226 1788; x_wconf 88' lang='lat' dir='ltr'>totidem</span> <span class='ocrx_word' id='word_1_146' title='bbox 1250 1739 1525 1787; x_wconf 82' lang='lat' dir='ltr'>effluxerint</span> 
     </span>
     <span class='ocr_line' id='line_1_21' title="bbox 134 1816 1526 1879; baseline -0.001 -16"><span class='ocrx_word' id='word_1_147' title='bbox 134 1831 194 1864; x_wconf 86' lang='lat' dir='ltr'>ex</span> <span class='ocrx_word' id='word_1_148' title='bbox 219 1816 315 1864; x_wconf 88' lang='lat' dir='ltr'>alio</span> <span class='ocrx_word' id='word_1_149' title='bbox 340 1816 560 1879; x_wconf 89' lang='lat' dir='ltr'>quolibet</span> <span class='ocrx_word' id='word_1_150' title='bbox 595 1816 802 1864; x_wconf 92' lang='lat' dir='ltr'>odorato</span> <span class='ocrx_word' id='word_1_151' title='bbox 839 1816 1010 1863; x_wconf 92' lang='lat' dir='ltr'>eodem</span> <span class='ocrx_word' id='word_1_152' title='bbox 1047 1823 1201 1875; x_wconf 80' lang='lat' dir='ltr'>motU,</span> <span class='ocrx_word' id='word_1_153' title='bbox 1239 1823 1526 1878; x_wconf 85' lang='lat' dir='ltr'>sequeretur</span> 
     </span>
     <span class='ocr_line' id='line_1_22' title="bbox 136 1891 1524 1949; baseline -0.001 -9"><span class='ocrx_word' id='word_1_154' title='bbox 136 1892 302 1941; x_wconf 88' lang='lat' dir='ltr'>omnia</span> <span class='ocrx_word' id='word_1_155' title='bbox 337 1892 544 1940; x_wconf 90' lang='lat' dir='ltr'>odorata</span> <span class='ocrx_word' id='word_1_156' title='bbox 583 1892 789 1940; x_wconf 89' lang='lat' dir='ltr'>similem</span> <span class='ocrx_word' id='word_1_157' title='bbox 833 1893 1015 1940; x_wconf 88' lang='lat' dir='ltr'>habere</span> <span class='ocrx_word' id='word_1_158' title='bbox 1056 1892 1270 1940; x_wconf 92' lang='lat' dir='ltr'>odorem.</span> <span class='ocrx_word' id='word_1_159' title='bbox 1340 1891 1524 1949; x_wconf 91' lang='lat' dir='ltr'>Tertio,</span> 
     </span>
     <span class='ocr_line' id='line_1_23' title="bbox 136 1966 1526 2032; baseline -0.002 -16"><span class='ocrx_word' id='word_1_160' title='bbox 136 1968 268 2032; x_wconf 92' lang='lat' dir='ltr'>quod</span> <span class='ocrx_word' id='word_1_161' title='bbox 281 1967 485 2016; x_wconf 88' lang='lat' dir='ltr'>effluviis</span> <span class='ocrx_word' id='word_1_162' title='bbox 500 1967 595 2016; x_wconf 92' lang='lat' dir='ltr'>illis</span> <span class='ocrx_word' id='word_1_163' title='bbox 619 1975 808 2015; x_wconf 91' lang='lat' dir='ltr'>motum</span> <span class='ocrx_word' id='word_1_164' title='bbox 828 1968 1124 2016; x_wconf 84' lang='lat' dir='ltr'>habentibus</span> <span class='ocrx_word' id='word_1_165' title='bbox 1146 1967 1287 2015; x_wconf 89' lang='lat' dir='ltr'>valde</span> <span class='ocrx_word' id='word_1_166' title='bbox 1303 1966 1526 2023; x_wconf 90' lang='lat' dir='ltr'>celerem,</span> 
     </span>
     <span class='ocr_line' id='line_1_24' title="bbox 134 2042 1526 2107; baseline -0.002 -15"><span class='ocrx_word' id='word_1_167' title='bbox 134 2052 193 2093; x_wconf 88' lang='lat' dir='ltr'>ut</span> <span class='ocrx_word' id='word_1_168' title='bbox 214 2044 531 2092; x_wconf 88' lang='lat' dir='ltr'>manifestum</span> <span class='ocrx_word' id='word_1_169' title='bbox 556 2051 631 2091; x_wconf 91' lang='lat' dir='ltr'>est</span> <span class='ocrx_word' id='word_1_170' title='bbox 655 2060 714 2091; x_wconf 89' lang='lat' dir='ltr'>ex</span> <span class='ocrx_word' id='word_1_171' title='bbox 736 2060 810 2102; x_wconf 88' lang='lat' dir='ltr'>eo,</span> <span class='ocrx_word' id='word_1_172' title='bbox 836 2043 969 2107; x_wconf 92' lang='lat' dir='ltr'>quod</span> <span class='ocrx_word' id='word_1_173' title='bbox 1000 2043 1064 2091; x_wconf 89' lang='lat' dir='ltr'>ad</span> <span class='ocrx_word' id='word_1_174' title='bbox 1101 2043 1384 2091; x_wconf 86' lang='lat' dir='ltr'>distantiam</span> <span class='ocrx_word' id='word_1_175' title='bbox 1408 2042 1526 2090; x_wconf 85' lang='lat' dir='ltr'>satis</span> 
     </span>
     <span class='ocr_line' id='line_1_25' title="bbox 135 2118 1525 2185; baseline -0.001 -17"><span class='ocrx_word' id='word_1_176' title='bbox 135 2137 366 2185; x_wconf 84' lang='lat' dir='ltr'>magnam</span> <span class='ocrx_word' id='word_1_177' title='bbox 413 2120 619 2168; x_wconf 87' lang='lat' dir='ltr'>emissus</span> <span class='ocrx_word' id='word_1_178' title='bbox 665 2135 691 2166; x_wconf 90' lang='lat' dir='ltr'>e</span> <span class='ocrx_word' id='word_1_179' title='bbox 738 2135 944 2167; x_wconf 87' lang='lat' dir='ltr'>caverna</span> <span class='ocrx_word' id='word_1_180' title='bbox 991 2119 1114 2167; x_wconf 91' lang='lat' dir='ltr'>odor</span> <span class='ocrx_word' id='word_1_181' title='bbox 1162 2127 1318 2167; x_wconf 89' lang='lat' dir='ltr'>tetrus</span> <span class='ocrx_word' id='word_1_182' title='bbox 1364 2118 1525 2166; x_wconf 90' lang='lat' dir='ltr'>subito</span> 
     </span>
     <span class='ocr_line' id='line_1_26' title="bbox 136 2195 1524 2260; baseline -0.003 -15"><span class='ocrx_word' id='word_1_183' title='bbox 136 2197 376 2251; x_wconf 87' lang='lat' dir='ltr'>sentitur;</span> <span class='ocrx_word' id='word_1_184' title='bbox 413 2202 665 2260; x_wconf 89' lang='lat' dir='ltr'>oporteret</span> <span class='ocrx_word' id='word_1_185' title='bbox 685 2211 743 2243; x_wconf 90' lang='lat' dir='ltr'>eo</span> <span class='ocrx_word' id='word_1_186' title='bbox 762 2195 866 2243; x_wconf 94' lang='lat' dir='ltr'>solo</span> <span class='ocrx_word' id='word_1_187' title='bbox 900 2207 1040 2243; x_wconf 87' lang='lat' dir='ltr'>motu</span> <span class='ocrx_word' id='word_1_188' title='bbox 1066 2195 1174 2243; x_wconf 89' lang='lat' dir='ltr'>fieri</span> <span class='ocrx_word' id='word_1_189' title='bbox 1192 2195 1524 2253; x_wconf 87' lang='lat' dir='ltr'>olfactionem,</span> 
     </span>
     <span class='ocr_line' id='line_1_27' title="bbox 138 2271 1525 2337; baseline -0.001 -17"><span class='ocrx_word' id='word_1_190' title='bbox 138 2271 536 2337; x_wconf 89' lang='lat' dir='ltr'>quandoquidem</span> <span class='ocrx_word' id='word_1_191' title='bbox 579 2271 783 2319; x_wconf 89' lang='lat' dir='ltr'>effluviis</span> <span class='ocrx_word' id='word_1_192' title='bbox 807 2271 871 2319; x_wconf 91' lang='lat' dir='ltr'>ad</span> <span class='ocrx_word' id='word_1_193' title='bbox 905 2287 1146 2335; x_wconf 87' lang='lat' dir='ltr'>organum</span> <span class='ocrx_word' id='word_1_194' title='bbox 1179 2287 1401 2319; x_wconf 87' lang='lat' dir='ltr'>accessus</span> <span class='ocrx_word' id='word_1_195' title='bbox 1424 2287 1525 2318; x_wconf 90' lang='lat' dir='ltr'>non</span> 
     </span>
     <span class='ocr_line' id='line_1_28' title="bbox 138 2347 1525 2402; baseline -0.002 -5"><span class='ocrx_word' id='word_1_196' title='bbox 138 2347 431 2398; x_wconf 85' lang='lat' dir='ltr'>occluditur.</span> <span class='ocrx_word' id='word_1_197' title='bbox 503 2347 562 2395; x_wconf 94' lang='lat' dir='ltr'>Id</span> <span class='ocrx_word' id='word_1_198' title='bbox 601 2363 718 2395; x_wconf 88' lang='lat' dir='ltr'>vero</span> <span class='ocrx_word' id='word_1_199' title='bbox 755 2364 855 2395; x_wconf 90' lang='lat' dir='ltr'>non</span> <span class='ocrx_word' id='word_1_200' title='bbox 892 2348 979 2402; x_wconf 88' lang='lat' dir='ltr'>fit;</span> <span class='ocrx_word' id='word_1_201' title='bbox 1028 2364 1144 2395; x_wconf 89' lang='lat' dir='ltr'>nam</span> <span class='ocrx_word' id='word_1_202' title='bbox 1185 2347 1280 2395; x_wconf 91' lang='lat' dir='ltr'>nisi</span> <span class='ocrx_word' id='word_1_203' title='bbox 1319 2347 1525 2395; x_wconf 85' lang='lat' dir='ltr'>halitum</span> 
     </span>
     <span class='ocr_line' id='line_1_29' title="bbox 137 2423 1526 2487; baseline -0.002 -14"><span class='ocrx_word' id='word_1_204' title='bbox 137 2432 363 2473; x_wconf 87' lang='lat' dir='ltr'>nostrum</span> <span class='ocrx_word' id='word_1_205' title='bbox 386 2439 475 2487; x_wconf 92' lang='lat' dir='ltr'>per</span> <span class='ocrx_word' id='word_1_206' title='bbox 496 2439 639 2471; x_wconf 88' lang='lat' dir='ltr'>nares</span> <span class='ocrx_word' id='word_1_207' title='bbox 663 2424 983 2479; x_wconf 87' lang='lat' dir='ltr'>attrahamus,</span> <span class='ocrx_word' id='word_1_208' title='bbox 1009 2423 1206 2471; x_wconf 88' lang='lat' dir='ltr'>olfactio</span> <span class='ocrx_word' id='word_1_209' title='bbox 1230 2439 1332 2471; x_wconf 91' lang='lat' dir='ltr'>non</span> <span class='ocrx_word' id='word_1_210' title='bbox 1356 2439 1526 2486; x_wconf 91' lang='lat' dir='ltr'>seque-</span> 
     </span>
    </p>

    <p class='ocr_par' dir='ltr' id='par_1_4' title="bbox 10 2499 1521 2563">
     <span class='ocr_line' id='line_1_30' title="bbox 10 2499 1521 2563; baseline -0.002 -14"><span class='ocrx_word' id='word_1_211' title='bbox 10 2513 21 2548; x_wconf 54' lang='grc' dir='ltr'><strong><em>ἡ</em></strong></span> <span class='ocrx_word' id='word_1_212' title='bbox 130 2508 234 2549; x_wconf 79' lang='lat' dir='ltr'>tur.</span> <span class='ocrx_word' id='word_1_213' title='bbox 278 2500 393 2548; x_wconf 90' lang='lat' dir='ltr'>Non</span> <span class='ocrx_word' id='word_1_214' title='bbox 417 2500 475 2547; x_wconf 85' lang='lat' dir='ltr'>fit</span> <span class='ocrx_word' id='word_1_215' title='bbox 498 2515 615 2563; x_wconf 85' lang='lat' dir='ltr'>ergo</span> <span class='ocrx_word' id='word_1_216' title='bbox 640 2499 839 2547; x_wconf 85' lang='lat' dir='ltr'>olfactio</span> <span class='ocrx_word' id='word_1_217' title='bbox 861 2515 951 2563; x_wconf 91' lang='lat' dir='ltr'>per</span> <span class='ocrx_word' id='word_1_218' title='bbox 970 2499 1215 2546; x_wconf 86' lang='lat' dir='ltr'>effluvium</span> <span class='ocrx_word' id='word_1_219' title='bbox 1231 2507 1521 2547; x_wconf 89' lang='lat' dir='ltr'>atomorum.</span> 
     </span>
    </p>

    <p class='ocr_par' dir='ltr' id='par_1_5' title="bbox 6 2571 1526 2641">
     <span class='ocr_line' id='line_1_31' title="bbox 133 2574 1526 2640; baseline -0.002 -16.251"><span class='ocrx_word' id='word_1_220' title='bbox 133 2576 315 2640; x_wconf 91' lang='lat' dir='ltr'>Neque</span> <span class='ocrx_word' id='word_1_221' title='bbox 357 2591 475 2623; x_wconf 92' lang='lat' dir='ltr'>vero</span> <span class='ocrx_word' id='word_1_222' title='bbox 520 2575 594 2631; x_wconf 83' lang='lat' dir='ltr'>fit,</span> <span class='ocrx_word' id='word_1_223' title='bbox 640 2581 844 2638; x_wconf 91' lang='lat' dir='ltr'>propter</span> <span class='ocrx_word' id='word_1_224' title='bbox 885 2574 1091 2622; x_wconf 89' lang='lat' dir='ltr'>eandem</span> <span class='ocrx_word' id='word_1_225' title='bbox 1136 2575 1394 2633; x_wconf 83' lang='lat' dir='ltr'>rationem,</span> <span class='ocrx_word' id='word_1_226' title='bbox 1436 2589 1526 2637; x_wconf 91' lang='lat' dir='ltr'>per</span> 
     </span>
    </p>

    <p class='ocr_par' dir='ltr' id='par_1_6' title="bbox 6 2643 1523 2719">
     <span class='ocr_line' id='line_1_32' title="bbox 6 2643 1523 2719; baseline -0.001 -19"><span class='ocrx_word' id='word_1_227' title='bbox 6 2643 25 2719; x_wconf 33' lang='grc' dir='ltr'><strong><em>ᾗ</em></strong></span> <span class='ocrx_word' id='word_1_228' title='bbox 83 2700 84 2703; x_wconf 71' lang='grc'>,</span> <span class='ocrx_word' id='word_1_229' title='bbox 133 2652 386 2700; x_wconf 81' lang='lat' dir='ltr'>effluvium</span> <span class='ocrx_word' id='word_1_230' title='bbox 409 2651 694 2699; x_wconf 87' lang='lat' dir='ltr'>substantiae</span> <span class='ocrx_word' id='word_1_231' title='bbox 729 2651 970 2699; x_wconf 85' lang='lat' dir='ltr'>aethereae.</span> <span class='ocrx_word' id='word_1_232' title='bbox 1041 2651 1374 2699; x_wconf 89' lang='lat' dir='ltr'>Olfaceremus</span> <span class='ocrx_word' id='word_1_233' title='bbox 1394 2651 1523 2698; x_wconf 91' lang='lat' dir='ltr'>enim</span> 
     </span>
    </p>

    <p class='ocr_par' dir='ltr' id='par_1_7' title="bbox 14 2727 1523 2787">
     <span class='ocr_line' id='line_1_33' title="bbox 14 2727 1523 2787; baseline -0.001 -11"><span class='ocrx_word' id='word_1_234' title='bbox 14 2732 25 2741; x_wconf 82' lang='lat'>‘</span> <span class='ocrx_word' id='word_1_235' title='bbox 131 2735 193 2776; x_wconf 85' lang='lat' dir='ltr'>-et</span> <span class='ocrx_word' id='word_1_236' title='bbox 213 2728 299 2787; x_wconf 88' lang='lat' dir='ltr'>sic,</span> <span class='ocrx_word' id='word_1_237' title='bbox 324 2727 428 2776; x_wconf 85' lang='lat' dir='ltr'>sine</span> <span class='ocrx_word' id='word_1_238' title='bbox 451 2727 627 2775; x_wconf 89' lang='lat' dir='ltr'>animae</span> <span class='ocrx_word' id='word_1_239' title='bbox 660 2727 973 2775; x_wconf 86' lang='lat' dir='ltr'>retractione.</span> <span class='ocrx_word' id='word_1_240' title='bbox 1043 2727 1302 2786; x_wconf 85' lang='lat' dir='ltr'>Praeterea,</span> <span class='ocrx_word' id='word_1_241' title='bbox 1338 2743 1450 2774; x_wconf 92' lang='lat' dir='ltr'>cum</span> <span class='ocrx_word' id='word_1_242' title='bbox 1472 2727 1523 2774; x_wconf 90' lang='lat' dir='ltr'>in</span> 
     </span>
    </p>

    <p class='ocr_par' dir='ltr' id='par_1_8' title="bbox 140 2802 1524 2866">
     <span class='ocr_line' id='line_1_34' title="bbox 140 2802 1524 2866; baseline -0.001 -14"><span class='ocrx_word' id='word_1_243' title='bbox 140 2803 367 2852; x_wconf 88' lang='lat' dir='ltr'>omnibus</span> <span class='ocrx_word' id='word_1_244' title='bbox 413 2803 700 2866; x_wconf 88' lang='lat' dir='ltr'>corporibus</span> <span class='ocrx_word' id='word_1_245' title='bbox 747 2802 965 2851; x_wconf 89' lang='lat' dir='ltr'>odoratis</span> <span class='ocrx_word' id='word_1_246' title='bbox 1012 2803 1182 2851; x_wconf 90' lang='lat' dir='ltr'>similis</span> <span class='ocrx_word' id='word_1_247' title='bbox 1228 2803 1292 2851; x_wconf 90' lang='lat' dir='ltr'>sit</span> <span class='ocrx_word' id='word_1_248' title='bbox 1335 2803 1524 2851; x_wconf 87' lang='lat' dir='ltr'>inclusa</span> 
     </span>
    </p>
   </div>
   <div class='ocr_carea' id='block_1_3' title="bbox 0 2858 1523 2943">
    <p class='ocr_par' dir='ltr' id='par_1_9' title="bbox 0 2858 1523 2943">
     <span class='ocr_line' id='line_1_35' title="bbox 0 2858 1523 2943; baseline -0.004 -11"><span class='ocrx_word' id='word_1_249' title='bbox 0 2858 33 2932; x_wconf 47' lang='grc' dir='ltr'>Ἰἐξ</span> <span class='ocrx_word' id='word_1_250' title='bbox 133 2880 415 2929; x_wconf 75' lang='lat' dir='ltr'>substantia</span> <span class='ocrx_word' id='word_1_251' title='bbox 439 2880 665 2938; x_wconf 76' lang='lat' dir='ltr'>aetherea,</span> <span class='ocrx_word' id='word_1_252' title='bbox 703 2879 926 2927; x_wconf 90' lang='lat' dir='ltr'>similiter</span> <span class='ocrx_word' id='word_1_253' title='bbox 961 2879 1110 2927; x_wconf 90' lang='lat' dir='ltr'>etiam</span> <span class='ocrx_word' id='word_1_254' title='bbox 1140 2895 1380 2943; x_wconf 85' lang='lat' dir='ltr'>organum</span> <span class='ocrx_word' id='word_1_255' title='bbox 1421 2879 1523 2926; x_wconf 81' lang='lat' dir='ltr'>affi-</span> 
     </span>
    </p>
   </div>
   <div class='ocr_carea' id='block_1_4' title="bbox 0 0 46 1651">
    <p class='ocr_par' dir='ltr' id='par_1_10' title="bbox 0 0 46 1651">
     <span class='ocr_line' id='line_1_36' title="bbox 0 0 46 1651; baseline 0 0"><span class='ocrx_word' id='word_1_256' title='bbox 0 0 46 1651; x_wconf 95' lang='lat' dir='ltr'> </span> 
     </span>
    </p>
   </div>
   <div class='ocr_carea' id='block_1_5' title="bbox 11 2843 45 3256">
    <p class='ocr_par' dir='ltr' id='par_1_11' title="bbox 11 2843 45 3256">
     <span class='ocr_line' id='line_1_37' title="bbox 11 2843 45 3256; textangle 90"><span class='ocrx_word' id='word_1_257' title='bbox 19 3079 45 3256; x_wconf 48' lang='grc' dir='ltr'>Μανία</span> <span class='ocrx_word' id='word_1_258' title='bbox 11 2990 38 3074; x_wconf 36' lang='lat' dir='ltr'>Tyr-2⁶:52⁸</span> <span class='ocrx_word' id='word_1_259' title='bbox 28 2975 35 2982; x_wconf 27' lang='grc' dir='ltr'>Α,</span> <span class='ocrx_word' id='word_1_260' title='bbox 20 2949 34 2970; x_wconf 47' lang='grc' dir='ltr'>,ιι</span> <span class='ocrx_word' id='word_1_261' title='bbox 23 2926 34 2943; x_wconf 66' lang='grc' dir='ltr'>ω</span> <span class='ocrx_word' id='word_1_262' title='bbox 22 2843 32 2871; x_wconf 58' lang='grc' dir='ltr'>ι*</span> 
     </span>
    </p>
   </div>
  </div>
 </body>
</html>
