1936 3262
916 288 1179 321 LEMMATA
1208 288 1450 322 CAPITUM
1459 310 1468 319 .

990 457 1129 494 PARS
1159 456 1379 501 TERTIA,

678 554 731 579 DE
752 554 1013 580 RATIONIBUS
1035 552 1230 586 MOTUUM,
1251 554 1302 579 ΕΤ
1324 553 1683 579 MAGNITUDINUM.

1835 613 1901 633 ΡΔσ.

462 663 520 699 15.
548 659 610 697 De
639 659 796 704 Natura,
837 660 1148 709 Proprietatibus,
1185 666 1223 697 et
1254 660 1366 697 variis
1396 659 1773 698 Considerationibus

615 729 748 767 Motus
767 735 805 767 et
825 730 993 768 Conatus
1067 758 1076 766 .
1183 757 1192 766 .
1299 756 1308 765 .
1415 757 1424 765 .
1531 756 1539 765 .
1646 756 1656 766 .
1762 755 1772 766 .
1828 729 1903 771 175

461 819 521 855 16.
549 816 611 854 De
636 816 751 854 Motu
775 816 996 859 accelerato,
1026 820 1065 852 et
1092 815 1284 860 uniformi,
1313 821 1351 852 et
1380 816 1427 852 de
1447 815 1561 852 Motu
1589 827 1656 864 per
1683 816 1773 853 oon-

616 898 769 923 cursum
835 913 844 922 .
951 912 960 921 .
1067 912 1076 921 .
1183 912 1192 921 .
1299 912 1308 921 .
1414 912 1423 921 .
1532 912 1541 921 .
1646 912 1656 921 .
1762 912 1772 921 .
1828 886 1902 922 184

460 972 520 1008 17.
548 970 611 1008 De
630 970 779 1020 Figuris
798 970 1077 1008 Deficientibus
1183 997 1192 1006 .
1298 998 1307 1007 .
1414 998 1423 1006 .
1530 997 1539 1007 .
1647 997 1656 1006 .
1761 997 1771 1006 .
1823 971 1901 1008 208

459 1058 519 1093 18.
547 1055 609 1093 De
624 1055 832 1093 Rectarum
846 1061 885 1093 et
902 1055 1259 1093 Paraboliformium
1277 1054 1483 1093 Linearum
1501 1055 1734 1106 AEquatione
1761 1083 1771 1093 .
1824 1057 1901 1098 227

460 1144 518 1180 19.
547 1140 609 1178 De
625 1141 788 1191 Angulis
801 1141 1024 1180 Incidentiae
1040 1147 1077 1179 et
1097 1142 1342 1180 Refleotionis
1362 1142 1591 1192 AEqualibus
1645 1170 1654 1180 .
1760 1170 1770 1181 .
1824 1146 1897 1182 231

456 1230 519 1266 20.
547 1227 609 1264 De
644 1227 894 1265 Dimensione
931 1228 1074 1266 Circuli
1118 1233 1157 1265 et
1201 1227 1378 1267 Arcuum
1413 1228 1491 1265 sive
1527 1226 1772 1278 Angulorum

615 1296 792 1334 Sectione
833 1325 842 1334 .
949 1325 958 1334 .
1065 1325 1074 1334 .
1184 1325 1193 1335 .
1299 1326 1309 1334 .
1415 1325 1424 1335 .
1530 1325 1540 1335 .
1646 1326 1656 1335 .
1761 1326 1772 1336 .
1824 1301 1904 1338 242

455 1386 519 1421 21.
546 1382 610 1420 De
627 1382 743 1420 Motu
762 1383 935 1421 circulari
1063 1412 1073 1420 .
1181 1412 1190 1421 .
1297 1412 1306 1420 .
1411 1411 1421 1421 .
1526 1409 1544 1422 .
1645 1412 1654 1422 .
1761 1412 1770 1422 .
1823 1387 1900 1425 258

454 1471 517 1507 22.
544 1469 607 1507 De
626 1475 765 1507 caetera
782 1470 965 1508 Motuum
984 1470 1180 1509 Varietate
1296 1499 1306 1508 .
1527 1499 1536 1508 .
1643 1499 1653 1509 .
1759 1499 1769 1509 .
1821 1473 1895 1514 271

455 1557 518 1593 23.
546 1554 608 1593 De
627 1555 769 1593 Centro
787 1555 1008 1606 AEquilibrii
1062 1584 1072 1593 .
1181 1585 1190 1594 .
1295 1585 1305 1594 .
1412 1585 1422 1595 .
1529 1586 1539 1595 .
1644 1585 1654 1594 .
1759 1585 1770 1595 .
1822 1561 1901 1598 286

456 1643 519 1678 24.
547 1640 609 1678 De
629 1638 875 1679 Refraetione
894 1646 933 1679 et
951 1641 1174 1680 Reflexione
1293 1670 1303 1679 .
1408 1671 1418 1680 .
1524 1671 1534 1682 .
1641 1671 1650 1680 .
1759 1672 1769 1681 .
1822 1646 1899 1686 305

973 1844 1113 1883 PARS
1141 1845 1385 1891 QUARTA,

727 1941 922 1975 PHYSICA,
943 1942 1039 1968 SIVE
1059 1943 1112 1968 BE
1132 1943 1319 1969 NATURAE
1339 1943 1640 1970 PHAENOMENIS.

455 2049 518 2086 25.
546 2047 608 2084 De
629 2047 812 2085 Sensione
830 2053 868 2086 et
885 2047 1000 2086 Motu
1020 2048 1188 2085 Animali
1293 2076 1303 2085 .
1409 2077 1418 2086 .
1526 2076 1536 2086 .
1643 2078 1652 2087 .
1758 2078 1768 2088 .
1821 2055 1898 2091 315

455 2136 517 2173 26.
545 2133 608 2171 De
623 2116 813 2172 Universo
830 2139 868 2172 et
888 2134 1095 2185 Syderibus
1177 2162 1186 2171 .
1294 2161 1303 2171 .
1409 2162 1419 2171 .
1525 2163 1535 2172 .
1641 2163 1651 2173 .
1758 2164 1767 2174 .
1821 2140 1899 2176 334

454 2220 518 2259 27.
546 2218 608 2256 De
625 2219 744 2264 Luce,
765 2220 912 2266 Calore,
933 2225 971 2258 et
990 2220 1192 2259 coloribus
1294 2247 1303 2256 .
1411 2247 1420 2257 .
1525 2248 1535 2257 .
1641 2248 1651 2258 .
1757 2249 1766 2259 .
1818 2225 1899 2262 362

454 2306 516 2342 28.
544 2303 607 2341 De
626 2304 794 2355 Frigore,
814 2305 952 2351 Vento,
972 2306 1095 2351 Duro,
1123 2306 1268 2351 Glaeie,
1289 2305 1492 2343 Flexorum
1516 2307 1764 2353 restitutione,

609 2373 826 2424 Diaphano,
846 2374 1025 2426 Fulgure,
1040 2380 1079 2412 et
1097 2376 1271 2421 Tonitru,
1287 2379 1325 2412 et
1339 2375 1498 2426 Origine
1515 2375 1737 2414 Fluviorum
1755 2405 1765 2414 .
1817 2378 1896 2419 379

455 2461 516 2498 29.
545 2459 607 2496 De
627 2459 742 2504 Sono,
761 2460 902 2507 Odore,
925 2461 1080 2511 Sapore,
1099 2467 1138 2499 et
1156 2462 1292 2499 Tactili
1409 2489 1418 2498 .
1525 2489 1534 2499 .
1640 2490 1650 2500 .
1754 2491 1765 2500 .
1817 2467 1894 2505 395

455 2547 517 2583 30.
545 2543 607 2582 De
626 2544 824 2584 Gravitate
948 2573 957 2582 .
1063 2573 1073 2582 .
1177 2573 1186 2582 .
1293 2573 1303 2582 .
1409 2572 1418 2582 .
1522 2574 1532 2583 .
1637 2575 1647 2584 .
1753 2575 1767 2586 .
1815 2551 1894 2587 413
