1910 3256
151 340 267 373 PARS
285 341 343 372 lv.

221 386 271 416 28.

157 430 321 454 »Π-Ὗ-κ

120 950 214 980 Unde
224 949 259 980 fit
270 953 305 980 ut
319 959 379 980 nu-

117 993 172 1023 bes
194 992 347 1032 glaciatae‚
364 1026 368 1030 Α

118 1036 215 1066 semel
230 1035 371 1074 elevatae,

118 1085 190 1119 post
204 1079 360 1115 decidant.

397 214 490 258 392
960 222 1214 255 PHYsmA.

397 335 558 381 clusus
595 342 712 393 erat,
744 335 801 382 fit
833 333 1086 382 concussio
1121 333 1268 380 etiam
1298 333 1421 380 aeris
1456 333 1623 389 liberi;
1658 329 1790 383 hinc*

395 409 618 458 fremitus
654 410 735 457 ille
776 418 826 457 et
860 424 1080 456 murmur
1125 409 1249 456 aeris
1291 408 1374 471 qui
1417 408 1663 470 fragorem
1695 424 1772 457 se-

397 485 591 548 quitur:
629 485 715 533 sed
733 501 792 532 ex
814 485 1009 547 fragore
1027 484 1186 546 primo
1212 491 1262 531 et
1281 491 1514 546 sequente
1528 499 1773 532 murmure

394 561 451 607 fit
485 575 632 607 sonus
671 560 753 622 qui
789 567 993 606 vocatur
1021 559 1246 605 tonitrus.
1314 558 1584 606 Exeodem
1606 569 1787 608 autem-

396 651 507 682 aere
542 651 569 683 e
598 636 726 682 nube
755 642 1040 697 erumpente
1063 650 1320 696 aeremque
1352 634 1592 696 reliquum
1622 649 1776 696 usque

394 709 459 757 ad
477 710 671 757 oculum
695 710 1022 767 concutiente,
1045 710 1102 756 fit
1125 709 1207 756 illa
1229 709 1359 757 actio
1383 710 1435 756 in
1459 708 1654 756 oculum
1680 723 1779 771 qua

396 786 629 832 sentimus
649 785 809 832 lucem
828 801 950 842 eam,
967 800 1113 846 quam
1126 800 1356 831 vocamus
1369 783 1550 847 fulgur.
1592 783 1778 833 Causas

397 877 513 923 ergo
537 861 750 908 tonitrus
775 868 826 906 et
848 859 1054 922 fulguris
1078 858 1375 906 reddidimus
1397 858 1690 921 possibilesw
1717 877 1719 881 ⁴
1786 879 1788 881 ¹

472 941 545 982 15.
581 935 649 982 At
679 935 719 982 si
742 950 947 997 vapores
980 934 1031 981 in
1063 934 1217 980 nubes
1238 934 1412 981 elevati
1435 933 1704 981 coaluerint
1723 933 1776 981 in

398 1027 574 1073 aquam
593 1009 893 1067 continuam,
909 1009 986 1056 vel
1006 1016 1275 1071 compactae
1291 1009 1342 1055 in
1357 1009 1562 1071 glaciem
1575 1008 1776 1064 fuerint,

397 1085 528 1132 unde
562 1092 635 1131 est
659 1084 805 1146 quod,
841 1100 1013 1147 graves
1041 1101 1151 1131 cum
1185 1084 1284 1131 sint
1305 1092 1406 1131 tam
1429 1083 1608 1147 glacies
1632 1100 1777 1147 quam

399 1176 540 1222 aqua,
583 1167 685 1206 tam
731 1159 815 1206 diu
859 1160 1051 1222 possint
1087 1161 1148 1207 ab
1191 1176 1302 1207 aere
1347 1159 1609 1208 sustineri?
1686 1160 1789 1208 Vel-

398 1235 577 1297 potius,
603 1235 805 1282 elevatae
842 1251 953 1281 cum
977 1235 1090 1293 sint,
1116 1251 1262 1297 quam
1286 1235 1348 1282 ob
1381 1251 1575 1282 causam
1609 1251 1779 1283 rursus

399 1309 657 1357 recidunt?
727 1310 942 1357 Dubium
966 1311 1095 1357 enim
1115 1327 1218 1358 esse
1241 1327 1341 1358 non
1363 1318 1544 1373 potest,
1568 1311 1684 1373 quin
1709 1311 1781 1359 vis

400 1401 473 1442 ea,
498 1402 605 1447 quae
630 1401 806 1447 aquam
829 1386 992 1448 potuit
1015 1386 1255 1444 attollere,
1281 1386 1486 1433 eandem
1509 1386 1657 1434 etiam
1678 1401 1782 1435 sus-

402 1461 557 1507 tinere
598 1460 776 1523 potuit.
847 1461 946 1507 Cur
987 1477 1104 1523 ergo
1151 1462 1342 1509 sublata
1382 1460 1588 1508 recidit?
1657 1461 1789 1509 Dico·

402 1552 520 1598 ergo
545 1536 606 1582 ab
631 1535 802 1585 eodem
827 1536 944 1582 oriri
967 1543 1104 1583 motu
1128 1537 1241 1583 solis
1265 1536 1496 1599 simplice,
1521 1544 1627 1584 tum
1644 1535 1788 1598 *quod-

402 1610 694 1657 attolluntur
716 1626 934 1673 vapores,
971 1618 1076 1658 tum
1100 1611 1232 1673 quod
1267 1627 1404 1673 aquae
1438 1612 1489 1658 in
1512 1612 1665 1659 nubes
1681 1636 1683 1638 v
1698 1628 1787 1659 co-¹

403 1685 532 1735 alitae
558 1685 866 1747 dejiciuntur.
1236 1734 1240 1739 ,

470 1761 734 1808 Ostensum
758 1760 888 1806 enim
911 1767 983 1806 est
1013 1759 1138 1822 (cap.
1159 1775 1282 1807 XXI.
1306 1767 1397 1807 art.
1429 1761 1509 1816 ll)
1536 1761 1782 1822 quomodo

403 1851 609 1897 vapores
656 1835 923 1882 elevantur.
1005 1835 1101 1882 Sed
1147 1842 1197 1881 et
1238 1842 1486 1882 ostensum
1531 1843 1605 1882 est
1633 1836 1781 1899 ⁴(cap.

404 1910 594 1968 eodem,
620 1917 712 1957 art.
740 1912 790 1972 5)
833 1910 1076 1975 quomodo
1113 1910 1175 1957 ab
1210 1910 1383 1957 eodem
1405 1919 1545 1958 motu
1578 1926 1782 1974 congre·-

402 1993 584 2049 gantur
619 1986 942 2048 homogenea,
982 1992 1032 2031 et
1067 1984 1396 2047 heterogenea
1424 1984 1783 2048 disperguntur,

402 2062 498 2108 hoc
535 2069 625 2118 est,
651 2060 897 2123 quomodo
922 2076 1031 2122 quae
1067 2060 1131 2107 ad
1159 2067 1384 2107 naturam
1425 2060 1612 2108 telluris
1646 2077 1785 2108 acce-

405 2136 529 2183 dunt
565 2135 628 2182 ad
665 2143 848 2183 terram
879 2135 1143 2198 pelluntur,
1178 2135 1273 2182 hoc
1297 2143 1386 2194 est,
1412 2152 1520 2198 quae
1542 2136 1607 2184 sit
1639 2152 1787 2184 causa

405 2211 665 2258 descensus
706 2210 944 2272 gravium.
1016 2209 1226 2257 Quando
1264 2226 1380 2273 ergo
1422 2211 1535 2258 solis
1569 2211 1699 2260 actio
1731 2212 1784 2261 in

404 2286 650 2334 elevandis
673 2286 934 2348 vaporibus
957 2285 1237 2348 impeditur,
1264 2286 1319 2333 in
1349 2286 1522 2334 iisdem
1556 2287 1791 2349 dejicien⁴

405 2362 479 2409 dis
502 2379 602 2409 non
626 2361 908 2423 impeditur,
935 2360 1197 2408 descendet
1220 2377 1360 2423 aqua.
1393 2361 1507 2408 ‘Sed
1525 2361 1654 2409 actio
1670 2362 1785 2410 solis

406 2437 456 2484 in
480 2437 687 2484 terrenis
723 2436 786 2483 ad
809 2444 991 2483 terram
1016 2435 1298 2498 dejiciendis
1331 2453 1361 2483 a
1394 2437 1524 2483 nube
1559 2437 1784 2500 impediri

405 2529 507 2561 non
543 2518 723 2574 potest,
758 2512 808 2558 in
845 2511 1089 2559 elevandis
1114 2511 1372 2574 vaporibus
1407 2519 1588 2575 potest.
1657 2512 1784 2560 Nam

405 2588 571 2650 spissae
612 2587 755 2634 nubis
790 2603 902 2650 pars
938 2587 1139 2634 inferior
1179 2603 1210 2633 a
1243 2594 1384 2649 parte
1425 2587 1674 2650 superiore
1715 2588 1786 2636 ita

405 2663 606 2726 tegitur,
630 2671 688 2710 ut
709 2663 926 2725 recipere
950 2679 1054 2710 eam
1079 2662 1323 2709 actionem
1346 2662 1460 2710 solis
1482 2679 1581 2710 non
1603 2670 1783 2725 potest,

406 2754 505 2800 qua
548 2753 755 2800 vapores
796 2738 1079 2791 elevantur;
1111 2745 1399 2800 propterea
1452 2738 1584 2800 quod
1639 2753 1784 2786 causa

404 2829 642 2875 vaporum
679 2813 1023 2861 elevandorum
1060 2821 1133 2861 est
1166 2813 1555 2876 perpetuaaeris¹
1573 2813 1783 2864 fermen-
