1910 3256
485 234 580 276 330
713 242 736 271 .‘
1051 246 1300 280 PHYsmA.

232 355 349 429 ΡΑξόΒ
366 356 424 388 lV·
483 353 667 415 species
702 362 752 402 et
785 355 961 418 imago,
986 356 1113 418 (quae
1146 373 1289 404 voces
1321 374 1488 405 omnes
1517 358 1646 406 idem
1677 360 1859 424 signifi-

234 421 417 468 »ὴὲ-α
485 436 601 476 cant
625 430 758 492 quod
781 432 1023 494 aspectus)
1051 432 1283 494 appellari
1306 433 1443 481 solet.

548 504 839 553 Phantasma
869 507 930 553 ab
963 506 1149 565 auditu,
1174 523 1349 562 sonus;
1384 509 1444 556 ab
1480 507 1678 569 olfactu,
1704 510 1825 560 odor
1840 533 1871 569 ;,

479 593 509 625 a
530 587 692 641 gustu,
717 595 860 643 sapor
884 588 984 628 est:
1022 597 1052 628 a
1084 588 1222 629 tactu
1255 590 1419 630 autem
1448 591 1562 631 sunt
1585 584 1786 634 durities
1807 595 1857 636 et

477 654 720 713 mollities,
757 655 888 702 calor
923 663 972 703 et
1006 655 1190 719 frigus3
1227 659 1514 720 aqueositas,
1546 659 1784 720 oleositas,
1807 669 1858 712 et

476 729 630 777 multa
652 731 746 778 alia
770 747 877 793 quae
902 747 1045 779 sensu
1073 733 1215 792 bene,
1240 734 1399 781 verbis
1422 750 1523 781 non
1546 734 1662 783 satis
1686 735 1863 786 distin-1

475 813 706 867 guuntur.
778 806 1000 866 Laevitas,
1038 808 1287 871 asperitas,
1323 809 1511 868 raritaS,
1550 809 1760 859 densitas
1792 811 1867 861 ad-

473 880 680 943 figuram
717 881 1008 941 referuntur,
1034 890 1083 930 et
1116 890 1375 946 propterea
1407 885 1560 932 tactui
1602 901 1714 933 cum
1748 886 1866 936 visu·

474 956 752 1003 communia
797 965 924 1004 sunt.
995 958 1200 1021 Objecta
1235 959 1354 1006 item
1389 959 1597 1019 auditus,
1635 960 1853 1021 olfactus,
1868 994 1885 1014 1

472 1038 658 1093 gustus,
679 1039 855 1090 tactus,
874 1049 974 1080 non
998 1041 1111 1081 sunt
1124 1050 1286 1092 sonus,
1307 1034 1444 1092 odor,
1460 1050 1618 1098 sapor,
1637 1035 1853 1096 durities,

473 1106 556 1153 &c.
575 1126 586 1160 3
624 1106 710 1153 sed
733 1122 790 1153 ea
814 1123 1020 1170 corpora
1043 1125 1152 1172 quae
1176 1125 1364 1168 sonum,
1380 1109 1597 1170 odorem,
1611 1126 1849 1174 saporem,

473 1180 717 1239 duritiem,
757 1183 840 1229 &a
871 1183 1115 1239 efficiunt3
1153 1184 1213 1231 de
1241 1201 1448 1247 quorum
1485 1185 1643 1234 causis
1677 1193 1728 1234 et
1757 1202 1853 1250 quo

476 1256 621 1303 modo
645 1257 999 1319 producuntur,
1025 1258 1153 1306 infra
1177 1259 1355 1307 dicturi
1378 1276 1556 1308 sumus.

540 1332 883 1379 Phantasmata
917 1341 1080 1381 autem
1111 1335 1217 1382 haec
1242 1335 1331 1382 etsi
1356 1336 1659 1398 objectorum
1690 1336 1743 1384 in
1775 1352 1852 1384 or·
1884 1364 1901 1404 34·

477 1422 606 1469 gana
628 1407 878 1469 agentium
911 1409 1111 1456 effectus
1152 1409 1264 1468 sint,
1292 1410 1520 1473 producti
1550 1411 1603 1459 in
1636 1411 1852 1474 subjecto

471 1481 712 1528 sentiente
734 1502 746 1536 ;
783 1489 896 1530 sunt
915 1491 1081 1530 tamen
1098 1484 1149 1531 in
1172 1484 1345 1532 iisdem
1368 1486 1578 1549 organis,
1603 1487 1664 1534 ab
1681 1486 1851 1535 iisdem

470 1557 674 1619 objectis
719 1557 944 1619 producti
988 1566 1228 1621 praeterea
1273 1561 1473 1609 effectus
1532 1562 1628 1620 alii,
1675 1577 1851 1624 nempe

467 1639 628 1679 motus
668 1633 865 1694 quidam
902 1650 931 1680 a
968 1635 1188 1682 sensione
1225 1637 1335 1694 orti,
1376 1637 1458 1699 qui
1494 1643 1651 1684 motus
1685 1637 1849 1700 appel·
1883 1640 1897 1675 ῑ

466 1709 632 1755 lantur
650 1709 908 1757 animale&
980 1710 1225 1759 Quoniam
1249 1712 1449 1759 enimin
1472 1712 1604 1760 omni
1627 1712 1849 1760 sensione

467 1800 633 1831 rerum
664 1792 976 1832 externarum
1017 1787 1144 1834 actio
1182 1788 1239 1834 fit
1275 1795 1324 1835 et
1360 1788 1544 1835 reactio
1580 1795 1766 1847 mutua,
1798 1786 1849 1837 id
1875 1796 1883 1817 *³

468 1867 557 1918 est,
583 1860 791 1922 oppositi
814 1860 905 1908 sibi
928 1861 1137 1909 invicem
1161 1870 1366 1909 conatus
1391 1862 1505 1922 duo,
1536 1863 1848 1913 manifestum

468 1942 543 1982 est
583 1943 774 1982 motum
816 1936 877 1983 ab
925 1944 1135 1999 utroque
1177 1938 1320 1985 simul
1362 1938 1548 1986 factum
1588 1939 1651 1986 ad
1691 1939 1848 1986 latera
1870 1943 1883 2004 J

466 2010 781 2073 undiquaque
806 2011 1096 2070 continuari,
1110 2011 1364 2076 'praecipue
1381 2029 1496 2061 vero
1516 2014 1580 2061 ad
1596 2013 1847 2077 utriusque
1875 2050 1880 2074 3

468 2085 686 2147 corporis
723 2086 948 2133 confinia.
1021 2088 1131 2135 Hoc
1175 2104 1286 2135 cum
1321 2089 1380 2135 fit
1414 2088 1466 2135 in
1502 2105 1687 2151 organo
1721 2088 1856 2138 inte--v

466 2160 610 2218 riore,
631 2169 837 2208 conatus
856 2162 913 2208 fit
937 2161 1000 2208 ad
1018 2162 1262 2210 exteriora
1278 2178 1366 2226 per
1388 2163 1622 2227 angulum
1639 2163 1844 2214 solidum

466 2236 701 2298 majorem
739 2252 884 2298 quam
919 2237 959 2283 si
1000 2237 1251 2300 impressio
1287 2237 1458 2286 fuisset
1492 2238 1661 2296 levior,
1700 2245 1844 2302 atque

466 2311 581 2358 inde
604 2312 759 2373 major
781 2312 838 2358 fit
861 2311 984 2359 idea.

224 2394 415 2435 Magnitudo
542 2392 614 2433 ll.
651 2386 870 2448 Apparet
906 2387 1021 2433 hine
1054 2402 1200 2434 causa
1235 2387 1450 2450 physica,
1485 2388 1659 2451 primo,
1695 2403 1841 2451 quare

223 2438 429 2519 i'ffitjtaffii}
468 2462 654 2524 majora
676 2461 920 2520 videntur,
951 2462 1139 2509 caeteris
1162 2463 1375 2524 paribus,
1407 2479 1514 2526 quae
1547 2464 1636 2511 sub
1660 2465 1840 2528 majore
1876 2526 1877 2529 Ἴ

222 2524 439 2557 determinata·
467 2536 696 2584 videntur
714 2537 910 2599 angulo.
979 2537 1219 2595 Secundo,
1245 2554 1393 2600 quare
1417 2539 1469 2586 in
1490 2546 1636 2586 nocte
1658 2554 1838 2595 serena,

466 2611 619 2670 illuni,
663 2611 856 2675 frigida,
888 2612 1051 2675 plures
1088 2620 1324 2675 apparent
1358 2613 1510 2661 stellae
1540 2615 1665 2672 fixae,
1697 2629 1838 2676 quam

465 2686 516 2732 in
539 2686 634 2733 alio
659 2694 894 2749 tempore.
966 2687 1189 2749 Namque
1213 2688 1406 2735 illarum
1437 2689 1564 2736 aetio
1591 2704 1680 2752 per
1711 2704 1836 2736 sere-
1892 2722 1895 2725 Δ

463 2777 581 2807 num
632 2778 795 2809 aerem
843 2761 1002 2809 minus
1049 2762 1327 2824 impeditur,
1364 2771 1413 2811 et
1465 2780 1553 2827 per
1595 2763 1836 2812 silentium

463 2835 591 2884 lunae
638 2837 794 2884 minus
841 2837 1170 2893 absconditur,
1213 2855 1297 2886 seu
1343 2840 1631 2894 offuscatum
1684 2838 1834 2901 frigus
