1910 3256
239 348 352 379 PARS
378 348 436 380 lv.

287 393 339 422 26.

255 438 418 460 »ἥρ-..κ

243 476 445 515 Argumenta

244 518 387 549 Lucretii
408 528 465 559 pro

244 571 344 591 vacuo
374 571 443 592 esse

243 604 394 636 invalida.

481 223 576 268 340
1039 238 1290 272 PHYsmA.

483 346 661 409 quieta,
675 355 785 410 post
798 356 947 407 mota,
967 350 1121 412 magis
1139 350 1331 397 videtur
1348 350 1686 410 necessarium,
1707 367 1852 414 quam

483 429 537 469 ut
558 422 713 484 primo
751 431 899 482 mota,
941 424 1113 471 deinde
1153 425 1329 487 quieta,
1362 425 1402 472 si
1430 441 1645 488 unquam
1675 426 1851 489 quieta,

482 495 676 544 fuerint.
714 498 884 560 Neque
909 514 1054 546 causa
1076 506 1277 561 apparet
1298 501 1470 562 major,
1487 515 1636 562 quare
1653 502 1854 550 materia

482 572 728 620 mundana
743 572 1052 636 interpuncta
1075 574 1248 622 debeat
1271 591 1388 633 esse,
1413 575 1475 622 ad
1500 575 1853 624 admittendum

483 654 685 706 motum,
725 648 890 710 spatiis
930 649 1094 696 vacuis
1131 666 1276 712 quam
1301 650 1465 712 spatiis
1488 650 1658 713 plenis,
1699 651 1854 714 plenis

482 721 693 784 inquam,
731 723 817 770 sed
838 724 1013 771 fluidis.
1082 724 1253 787 Neque
1290 725 1497 788 denique
1537 725 1650 773 sciri
1680 733 1854 789 potest,

486 812 633 859 quare
656 814 755 845 non
778 799 1026 861 potuerint
1049 801 1197 848 atomi
1220 801 1315 848 illae
1339 801 1473 848 durae
1497 801 1783 864 congregari
1805 809 1854 850 et

485 864 668 935 cogi'in
691 890 949 937 corporum
986 876 1365 939 compositorum
1399 876 1550 923 moles
1580 891 1698 938 quas
1720 876 1854 924 vide-

485 964 606 1004 mus,
623 965 653 995 a
675 957 813 996 motu
835 949 1037 1013 alicujus
1059 950 1315 998 intermisti
1338 950 1523 1012 liquidi.
1581 950 1716 998 Nihil
1739 966 1855 1014 ergo

483 1023 576 1070 hoc
600 1030 884 1085 argumento
922 1023 1147 1071 concludi
1173 1032 1348 1087 potest,
1386 1025 1479 1071 nisi
1501 1024 1648 1072 fuisse
1670 1032 1856 1073 motum

483 1098 649 1145 mobili
672 1106 966 1146 coaeternum
989 1099 1066 1147 vel
1103 1115 1351 1154 coaevum3
1388 1115 1594 1161 quorum
1628 1107 1860 1147 neutrum.

485 1173 703 1220 consistit
739 1189 850 1220 cum
884 1173 1105 1221 doctrina
1140 1174 1353 1237 Epicuri,
1392 1174 1476 1237 qui
1511 1181 1560 1221 et
1589 1174 1771 1222 mundo
1808 1181 1856 1223 et

484 1249 637 1296 motui
660 1248 852 1295 initium
875 1248 1087 1296 abstulit.
1135 1249 1367 1297 Nondum
1390 1265 1507 1312 ergo
1529 1249 1671 1297 vacui
1692 1266 1856 1298 neces-

486 1324 600 1371 sitas
638 1323 1011 1371 demonstratur.
1081 1323 1238 1371 Causa
1273 1332 1451 1383 autem,
1493 1331 1729 1387 quantum
1765 1341 1855 1389 ego

485 1415 546 1447 ex
569 1415 736 1446 eorum
759 1399 1073 1457 sermonibus,
1099 1399 1182 1462 qui
1216 1415 1409 1446 mecum
1443 1399 1503 1446 de
1531 1415 1684 1448 vacuo
1709 1400 1856 1448 disse·
1880 1391 1897 1402 N

485 1481 702 1531 ruerunt,
722 1474 954 1536 intelligo,
971 1482 1047 1521 est
1062 1474 1192 1537 quod
1214 1475 1330 1523 dum
1347 1483 1571 1522 naturam
1588 1475 1726 1523 fluidi
1741 1492 1856 1524 con-

486 1550 799 1612 templantur,
829 1556 1050 1597 constare
1069 1550 1189 1597 illud
1202 1551 1528 1614 imaginantur
1544 1557 1776 1614 tanquam
1799 1567 1858 1599 ex

489 1625 598 1672 duri
620 1624 849 1687 granulis,
875 1625 1115 1687 quomodo
1138 1625 1295 1673 farina
1317 1625 1468 1672 fluida
1487 1626 1544 1672 fit
1566 1642 1592 1673 e
1615 1625 1856 1674 frumento
1883 1644 1892 1670 s

488 1701 655 1748 molito
676 1721 688 1755 ;
725 1716 836 1746 cum
858 1707 1021 1747 tamen
1044 1701 1246 1747 fluidum
1271 1700 1524 1763 concipere
1547 1701 1772 1764 possibile
1795 1701 1857 1749 sit

487 1783 719 1838 tanquam
759 1781 934 1822 natura
974 1791 1061 1822 sua
1097 1792 1233 1838 aeque
1279 1776 1649 1838 homogeneum,
1684 1792 1742 1823 ac
1787 1782 1866 1824 estv

489 1851 593 1913 ipsa
616 1857 803 1897 atomus
826 1850 903 1897 vel
927 1850 1084 1912 ipsum
1107 1867 1330 1898 vacuum.

554 1926 910 1988 Argumentum
934 1925 1214 1984 secundum,
1229 1933 1476 1988 sumptum
1493 1933 1566 1973 est
1585 1942 1614 1974 a
1626 1925 1867 1989 pondere„

487 2008 537 2048 et
560 2001 836 2048 continetur
859 1999 910 2046 in
932 2000 1007 2047 his
1031 1996 1246 2048 Lucretii
1268 2001 1485 2048 versibus
1505 2017 1516 2047 z

540 2103 563 2120 ‘⁶
592 2099 771 2149 Corporis
790 2099 955 2136 officium
975 2105 1031 2136 est
1049 2100 1229 2149 quoniam
1247 2111 1417 2148 premere
1437 2098 1563 2135 omnia
1580 2098 1780 2136 deorsum:

592 2160 736 2198 Contra
753 2165 879 2196 autem
898 2165 1032 2197 natura
1050 2166 1177 2197 manet
1195 2160 1274 2197 sine
1292 2159 1459 2209 pondere
1478 2159 1624 2197 inanis:

593 2221 708 2270 Ergo,
728 2221 830 2270 quod
849 2233 1029 2270 magnum
1048 2225 1105 2257 est
1122 2233 1243 2270 aeque,
1262 2220 1456 2270 leviusque
1475 2219 1635 2264 videtur,

593 2281 783 2319 Nimirum
802 2282 885 2332 plus
904 2294 984 2319 esse
1001 2282 1072 2319 sibi
1087 2282 1252 2319 declarat
1269 2279 1504 2319 inanis.”—I.
1523 2283 1681 2320 363-66.

555 2369 624 2416 Ut
645 2375 945 2431 praeteream,
989 2368 1120 2430 quod
1158 2369 1358 2415 assumit
1395 2367 1454 2415 de
1478 2374 1658 2414 conatu
1689 2382 1855 2430 corpo-

488 2460 596 2492 rum
637 2443 877 2501 deorsum,
913 2458 1014 2490 non
1053 2450 1185 2490 recte
1236 2442 1376 2501 sumi,
1423 2449 1682 2505 propterea
1727 2440 1856 2505 quod

489 2519 713 2567 deorsum
747 2517 869 2568 nihil
904 2518 1089 2580 negotii
1129 2518 1276 2565 habet
1317 2534 1427 2564 cum
1465 2524 1642 2564 natura
1679 2532 1854 2574 rerum,

486 2594 573 2641 sed
597 2600 669 2640 est
690 2593 978 2655 figmentum
1002 2599 1249 2647 nostrum;
1286 2599 1336 2639 et
1360 2591 1505 2655 quod,
1538 2591 1578 2639 si
1612 2591 1773 2639 omnia
1793 2589 1855 2639 ad

489 2685 641 2716 unum
660 2668 880 2715 infimum
899 2667 1172 2725 tenderent,
1198 2675 1282 2714 aut
1304 2667 1426 2714 nihil
1445 2667 1752 2724 coalesceret,
1772 2672 1854 2713 aut

489 2744 652 2792 omnia
687 2743 737 2790 in
783 2742 991 2789 eundem
1029 2742 1190 2790 locum
1231 2748 1552 2805 cogerentur:
1601 2741 1674 2788 vis
1713 2755 1858 2803 argu--v

491 2819 643 2867 menti
666 2819 809 2880 hujus
834 2834 893 2865 ex
918 2833 975 2864 eo
995 2817 1199 2875 tollitur,
1225 2817 1355 2879 quod
1381 2816 1668 2865 tantundem
1691 2815 1740 2863 in
1765 2815 1852 2863 hac
