1936 3262
615 267 717 297 VITA
737 268 843 297 ΤΗΟ.
868 268 1056 312 nomm*

220 377 275 423 In
295 393 381 438 quo
399 389 596 424 naturam
616 379 790 422 rationis
810 380 870 422 ita
888 379 1067 437 explico,
1090 390 1137 423 ut
1157 381 1273 424 illam

277 469 416 514 Nemo
434 487 521 515 non
541 471 696 515 claram
716 471 876 514 diceret
894 481 1024 530 atque
1043 473 1234 530 probam.

218 561 316 606 Hac
333 562 439 606 mihi
458 570 579 621 parte
597 563 678 606 fuit
698 563 872 606 victoria
891 564 1062 622 cognita
1080 565 1255 615 cunctis,

273 653 553 698 Dissimulant
570 654 661 697 aliis
680 654 858 697 vulnera
877 669 1032 712 magna
1047 654 1171 707 locis3

215 742 434 789 Deficiunt
452 747 616 798 animis,
638 746 710 789 sed
732 746 1026 790 deficientibus
1045 747 1171 798 insto,

271 835 556 895 Culminaque
575 836 776 880 inscendo
795 852 959 880 summa
978 838 1236 895 geometriae.

214 925 410 986 Namque
428 942 573 986 parem
593 927 756 986 cyclum
778 928 985 986 quadrato
1005 929 1176 987 publico
1187 946 1200 982 ;
1231 945 1397 973 necnon

265 1017 480 1061 Jactatum
502 1018 647 1077 Pythii
666 1030 856 1063 monstro
876 1021 1059 1078 porisma
1080 1021 1190 1072 Dei;

209 1109 510 1170 Demonstrata
527 1110 657 1167 prius,
678 1109 752 1153 sed
771 1126 856 1154 non
879 1111 1112 1175 rationibus
1134 1112 1296 1164 iisdem,

268 1200 501 1258 Sperabam
521 1201 721 1246 methodo
743 1203 910 1246 vincere
929 1219 1049 1261 posse
1070 1220 1190 1248 nova.
1262 1217 1266 1221 ·

209 1290 296 1335 Sed
314 1291 376 1335 nil
394 1293 566 1350 profeci,
587 1294 728 1338 densis
747 1296 1004 1339 umbonibus
1024 1297 1205 1348 obstant,

188 1423 194 1430 .
264 1383 430 1428 Cedere
445 1399 554 1443 quos
569 1385 735 1443 puduit,
757 1385 1180 1437 semi-mathematici.

206 1473 324 1534 Ergo
343 1490 481 1518 meam
501 1485 640 1519 statuo
660 1492 744 1520 non
766 1477 880 1520 ultra
898 1453 1078 1536 perdere
1098 1479 1292 1536 opellam,

261 1567 453 1612 Indocile
468 1579 694 1627 expectans
713 1570 873 1614 discere
893 1587 1013 1630 posse
1032 1587 1172 1629 pecus.

202 1657 372 1702 Deinde
390 1659 548 1703 librum
567 1662 717 1714 scribo,
740 1677 868 1720 quem
889 1664 1060 1706 nomine
1079 1664 1174 1707 dico
1195 1668 1405 1716 Romam,

260 1749 484 1809 Praecipuo
501 1751 682 1795 densum
701 1754 806 1796 flore
824 1756 1080 1812 geometriae.

201 1841 411 1886 Wallisius
429 1852 578 1887 contra
596 1855 761 1903 pugnat
775 1863 795 1897 3.
818 1847 1037 1904 victusque
1057 1847 1232 1891 videbar

255 1931 597 1992 Algebristarum
620 1936 974 1996 Theologumque
991 1939 1154 1983 scholis.

199 2023 258 2068 Et
276 2001 403 2068 simul
421 2025 600 2071 eductus
619 2029 764 2071 castris
786 2030 996 2072 exercitus
1016 2031 1152 2072 onmis

255 2115 421 2175 Pugnae
440 2133 614 2162 securus
638 2120 904 2164 Wallisianus
924 2132 1049 2174 ovat3

193 2206 336 2258 Quem
355 2223 452 2254 cum
475 2209 671 2253 vidissem
691 2211 902 2255 salebroso
923 2213 1114 2256 insistere
1131 2229 1292 2271 campo,

252 2299 404 2344 Stabat
422 2301 498 2344 ubi
518 2301 641 2345 radix
661 2302 804 2355 densa,
827 2304 1015 2356 molesta,
1039 2314 1180 2357 tenaX,

193 2389 348 2449 Pugna
365 2391 514 2450 placet,
536 2403 701 2446 vertor3
732 2410 958 2438 numerum
978 2396 1077 2439 licet
1096 2397 1309 2439 infinitum

249 2480 468 2541 Temporis
486 2485 532 2527 in
551 2497 710 2543 puncto
732 2487 899 2545 dissipo,
923 2498 1078 2540 sterno,
1101 2489 1215 2546 fugo.

194 2571 316 2616 Bella
329 2589 428 2618 mea
441 2576 608 2621 audisti.
671 2579 788 2628 Quid
808 2581 869 2623 vis
890 2581 968 2624 tibi
988 2581 1118 2624 dicier
1136 2581 1280 2624 ultra?

250 2666 322 2708 An
343 2682 471 2725 quam
493 2669 620 2721 dives,
643 2671 687 2713 id
706 2682 782 2723 est,
805 2688 931 2730 quam
954 2673 1117 2730 sapiens
1139 2673 1289 2716 fuerim
1302 2672 1323 2715 P

192 2757 320 2800 Anne
340 2759 468 2802 refert
488 2771 591 2818 quot
609 2778 733 2820 agros
752 2763 896 2815 habui,
919 2775 1023 2822 quot
1043 2764 1173 2808 millia
1194 2766 1449 2808 nummum?

247 2849 293 2893 Si
313 2861 582 2907 percontator
601 2852 708 2897 forte.
730 2856 896 2913 rogabit
916 2866 958 2899 et
980 2855 1071 2907 hoe,

302 2955 399 2985 von.
422 2958 451 2986 ι.
1335 2952 1363 2992 le,

1461 257 1572 300 xcvii
