1936 3262
346 289 420 330 lxii
738 303 852 332 vrrAE
876 301 1119 331 noBmANAE
1141 302 1415 332 AUCTARIUM.

344 412 551 463 audeant3
581 423 677 454 cum
697 413 852 469 etiam†
886 413 959 470 qui
988 427 1154 454 omnem
1182 412 1295 454 illam
1325 413 1573 469 scriptorum
1607 413 1788 456 vax-ieta·-

344 511 442 551 tem,
479 516 561 558 qua
594 511 702 544 artes
727 511 769 544 et
795 502 979 544 scientiae
1006 501 1208 552 exultant,
1241 502 1481 559 diligentius
1509 503 1778 560 introspiciass

342 592 499 649 ubique
524 592 707 634 inveniet
735 592 922 648 ejusdem
953 593 1013 633 rei
1047 593 1312 649 repetitiones
1347 593 1542 644 infinitas,
1575 593 1779 636 tractandi

342 682 474 724 modis
506 682 698 732 diversas,
735 682 974 723 inventione
1007 693 1335 739 praeoccupatas;
1387 693 1433 725 ut
1467 683 1607 725 omnia
1627 683 1786 740 -primo

341 773 497 814 intuitu
516 787 749 822 numerosa,
772 772 879 814 facto
900 773 1091 814 examine
1111 788 1244 829 pauca
1263 774 1537 830 reperiantur.
1598 772 1778 821 Quinet

340 864 445 906 illud
465 880 573 921 saepe
593 864 730 906 dicere
749 864 892 906 solitus
912 873 986 915 est,
1005 865 1118 921 quod
1138 865 1173 906 si
1192 874 1355 907 tantum
1374 865 1490 907 libris
1511 864 1780 916 incubuisset,

340 965 545 1012 quantum
573 955 643 997 alii
663 970 686 996 e
706 955 879 997 literatis
909 954 1034 1011 vulgo
1063 954 1232 1005 faciunt,
1255 955 1399 996 eadem
1427 969 1523 996 cum
1551 954 1631 996 illis
1660 955 1778 1011 igno-

340 1047 476 1088 rantia
494 1046 730 1088 laborasset.

397 1137 608 1180 Quoniam
642 1146 782 1178 autem
812 1136 1062 1192 optimorum
1093 1137 1276 1178 amicitia
1313 1145 1355 1177 et
1396 1134 1652 1178 consuetudo
1690 1147 1787 1177 non¹

336 1226 427 1268 leve
478 1226 694 1283 probitatis
746 1236 1041 1283 argumentum
1081 1227 1261 1277 ducitur,
1301 1227 1455 1283 vixque
1512 1225 1658 1267 malus·
1686 1239 1785 1267 esse·

336 1316 463 1373 possit
483 1316 555 1373 qui
575 1325 647 1358 aut
676 1316 808 1358 bonos
827 1315 938 1367 colit,
960 1326 1033 1358 aut
1048 1332 1073 1359 a
1092 1317 1212 1359 bonis
1233 1316 1405 1367 colitur3
1436 1316 1785 1372 amicorum-ejus:

335 1406 516 1449 indicem
535 1421 766 1463 proponere
781 1407 943 1448 animus
963 1417 1035 1448 est.
1096 1409 1210 1449 Ante
1230 1422 1373 1449 omnes
1393 1422 1503 1458 vero,
1517 1407 1666 1449 debito
1676 1417 1788 1449 cumn

335 1497 493 1540 honore
512 1498 754 1554 meritisque
773 1498 931 1554 gratiis,
950 1500 1061 1555 (post
1078 1498 1348 1554 Majestatem
1372 1498 1550 1555 Regiam
1570 1498 1775 1540 fautorem

334 1589 423 1644 ejus
442 1587 803 1646 benignissimum)
824 1588 1082 1630 memorandi
1098 1588 1272 1630 veniunt
1286 1588 1549 1630 illustrissimi
1570 1588 1786 1630 Devoniae-

336 1679 533 1729 Comites,
554 1678 818 1721 haereditario
834 1678 951 1735 quasi
964 1679 1061 1734 jure
1083 1677 1340 1720 Maecenates
1357 1678 1587 1720 Hobbiani.
1645 1678 1775 1722 Quod

333 1783 431 1810 sane
451 1783 536 1810 non
556 1768 687 1810 solum
709 1767 868 1825 ingenii
888 1782 936 1809 ac
965 1767 1195 1818 literarum,
1217 1767 1290 1810 sed
1318 1767 1444 1809 etiam
1464 1777 1774 1825 naturaeatque

333 1857 512 1908 virtutis,
533 1867 581 1899 ut
600 1857 759 1908 domus,
782 1873 877 1914 quae
897 1858 988 1914 ejus
1007 1857 1295 1900 adolescentiae
1316 1858 1451 1914 prima
1469 1858 1607 1909 fuerit,
1627 1857 1783 1901 eadem

334 1958 440 1990 esset
459 1948 775 1991 familiarissima
793 1949 1034 2003 senectuti.‡

969 2054 1134 2062 -.-—-—-

675 2129 1032 2173 AMICORUM
1067 2128 1416 2172 ELENCHUS.
1475 2161 1477 2163 -

393 2220 638 2262 Franciscus
670 2220 863 2263 Baconus
896 2220 1175 2270 Verulamius,
1199 2218 1385 2276 Magnus
1410 2218 1579 2275 Angliae
1601 2219 1782 2262 Cancel·.

332 2310 472 2354 larius.
526 2311 646 2354 Obiit
669 2315 790 2354 1626.
852 2312 952 2354 Vita
979 2312 1067 2368 ejus
1097 2310 1247 2367 saepius
1276 2310 1387 2352 edita
1413 2319 1497 2352 est:
1528 2325 1654 2367 opera
1673 2310 1770 2353 satis

333 2411 433 2443 nota
453 2410 561 2443 sunt.

391 2491 472 2534 Ed.
496 2491 694 2542 Herbert,
718 2490 830 2533 Baro
850 2492 904 2533 de
935 2492 1171 2547 Cherbury.
1247 2490 1315 2531 De
1338 2505 1387 2531 eo
1407 2498 1451 2531 et
1479 2490 1654 2547 scriptis,
1674 2491 1777 2533 vide

335 2582 451 2624 Guil.
475 2580 671 2638 Dugdale
692 2580 746 2623 de
766 2580 921 2623 Baron.
944 2579 1125 2636 Angliae.
1187 2579 1305 2622 Obiit
1328 2582 1448 2621 1648.

390 2671 504 2713 Hon.
539 2670 714 2713 Carolus
747 2669 997 2719 Cavendish‚
1027 2669 1167 2726 Eques
1203 2669 1401 2720 Auratus,
1435 2669 1617 2711 illustris.
1651 2670 1765 2712 Guik

332 2760 601 2810 Marchionis,
623 2770 764 2816 postea
794 2760 924 2801 Ducis
957 2760 1066 2802 Novi
1098 2761 1247 2810 Castri,
1269 2760 1398 2802 frater
1426 2762 1585 2812 unicus,
1606 2761 1767 2804 mathe-

331 2852 505 2895 maticus
525 2865 721 2892 summus.
783 2849 901 2892 Obiit
924 2852 1047 2892 1653.

484 2960 502 2997 ψ
526 2958 677 2989 Verulam
693 2958 781 2999 praef.
799 2959 833 2988 in
853 2958 936 2989 Nov.
953 2958 1071 2999 Organ.
1203 2959 1219 2995 ἶ
1245 2958 1310 2989 Cic.
1328 2967 1384 2998 pro
1400 2956 1496 2989 Arch.
1512 2958 1600 2990 Poet.
