1936 3262
519 271 613 314 224
840 283 910 315 DE
940 282 1280 317 RATIONIBUS
1307 283 1565 317 MOTUUM.

286 398 487 472 PA1}§11¹·
592 398 663 439 12.
702 393 1049 456 Propositionis
1079 394 1180 456 jam
1219 383 1422 442 articulo
1464 400 1511 450 2,
1548 393 1905 447 demonem*

286 453 464 512 »ἐζ-κ
518 467 696 514 veritas
725 469 951 531 (quaeque
976 476 1048 515 est
1071 484 1255 526 eorum,
1276 485 1383 531 quae
1408 468 1616 516 diximus
1641 468 1701 516 de
1721 470 1887 533 figuris

255 535 486 575 pf⁰p⁰⁸³t¹⁰¹¹³⁸
519 541 871 601 deficientibus,
896 543 1288 605 fundamentum)
1308 543 1546 606 originem
1564 544 1743 592 habere
1755 545 1887 594 vide-
1931 566 1933 569 ·

254 577 367 608 demon
372 584 475 609 stratae

254 622 356 694 ἓξὲξ-ᾖξ’
373 622 485 696 0032*
518 625 599 664 tur
648 617 699 664 in
751 618 1062 681 philosophia
1105 618 1277 680 prima,
1324 634 1499 681 nempe
1545 618 1596 666 iu
1641 633 1716 675 ec,
1760 619 1888 682 quod

254 675 497 758 dam-exssiffss‘o-
518 709 712 740 omnem
735 693 863 740 inter
888 693 1009 741 duos
1033 694 1231 740 effectus
1256 693 1582 755 aequalitatem
1606 700 1654 741 et
1677 693 1888 757 inaequa-

254 750 366 790 ⁸⁰ph¹³
384 761 405 792 Ρ
407 762 498 785 mma·
515 767 716 826 litatem,
764 768 816 815 id
863 776 951 826 est,
999 784 1194 816 omnem
1246 768 1501 827 rationem,
1552 768 1798 832 proficisci
1839 776 1888 819 e't

516 842 829 891 determinari
861 844 921 891 ab
953 843 1219 891 eorundem
1251 845 1511 891 effectuum
1544 844 1701 891 causis
1732 858 1888 907 aequa-

514 917 641 965 libus
670 925 718 966 et
750 919 1085 982 inaequalibus,
1118 919 1218 967 sive
1253 935 1283 966 a
1309 919 1497 967 ratione
1525 935 1671 982 quam
1708 916 1905 968 habent?

516 1009 688 1050 causae,
714 1002 1060 1042 concurrentes
1092 994 1156 1042 ad
1177 1010 1330 1041 unum
1363 995 1604 1051 effectum,
1631 993 1695 1042 ad
1719 1009 1887 1044 causas
1908 1020 1910 1024 >

515 1084 623 1130 quae
670 1077 969 1116 concurrunt
1014 1069 1076 1116 ad
1122 1069 1351 1116 effectum
1396 1069 1631 1123 alterum;
1683 1068 1897 1132 ideoque¹

515 1143 842 1205 quantitatum
857 1161 1049 1207 quoque
1064 1145 1276 1192 rationes
1296 1144 1490 1191 easdem
1504 1160 1606 1192 esse
1623 1144 1889 1193 rationibus

515 1234 770 1265 causarum
793 1235 1004 1266 suarum.
1077 1219 1324 1268 Quoniam
1340 1235 1456 1282 ergo
1480 1219 1532 1266 in
1555 1219 1749 1267 duabus
1766 1219 1888 1282 figu-

513 1293 579 1340 ris
610 1293 964 1353 deficientibus,
999 1310 1203 1357 quarum
1231 1294 1385 1342 altera
1422 1300 1494 1341 est
1529 1293 1727 1341 alterius
1762 1310 1912 1359 com-„3

514 1368 827 1431 plementum,
852 1369 1007 1416 altera
1028 1370 1084 1416 fit
1110 1385 1198 1432 per
1226 1376 1414 1416 motum
1439 1375 1572 1416 certo
1595 1376 1815 1432 tempore
1841 1375 1890 1418 et

512 1444 702 1491 ratione
740 1444 1118 1502 decrescentem,
1148 1445 1301 1492 altera
1333 1460 1422 1507 per
1455 1450 1616 1492 motus
1643 1445 1885 1507 jacturam

512 1518 686 1566 iisdem
709 1519 1012 1582 temporibus
1035 1519 1234 1578 factam,
1264 1535 1439 1578 causae,
1462 1535 1570 1582 quae
1594 1519 1889 1582 quantitates

513 1594 613 1642 sive
636 1594 852 1642 rationes
871 1595 1123 1658 utriusque
1146 1596 1317 1658 figurae
1331 1594 1521 1642 faciunt
1539 1594 1907 1642 determinant-³⁴

513 1686 605 1731 que
646 1677 702 1717 ut
743 1670 850 1718 aliae
892 1687 1037 1733 quam
1084 1678 1199 1718 sunt
1244 1686 1348 1718 esse
1393 1687 1494 1718 non
1537 1669 1744 1733 possint,
1791 1683 1890 1721 non

511 1745 741 1792 differunt
764 1746 892 1793 inter
917 1762 983 1803 se,
1013 1746 1107 1793 nisi
1130 1746 1181 1793 in
1211 1762 1286 1804 eo,
1317 1746 1450 1809 quod
1482 1745 1715 1802 rationes,
1747 1746 1889 1808 juxta

511 1836 630 1882 quas
655 1820 898 1882 quantitas
921 1835 1159 1883 generans
1181 1820 1490 1883 procedendo
1505 1820 1659 1883 ipsam
1682 1821 1889 1883 figuram

511 1895 755 1953 describit,
790 1895 842 1942 id
876 1902 963 1954 est,
998 1896 1209 1943 rationes
1237 1902 1510 1958 temporum
1542 1895 1642 1942 sive
1676 1894 1889 1942 altitudi-

512 1987 630 2017 num
657 1970 838 2033 ubique
873 1970 1191 2028 residuarum,
1227 1970 1334 2017 aliae
1370 1986 1472 2017 esse
1505 1977 1708 2032 possunt
1745 1985 1888 2032 quam

510 2047 738 2104 rationes,
785 2047 927 2108 juxta
976 2062 1095 2109 quas
1146 2046 1317 2093 eadem
1363 2045 1607 2108 quantitas
1653 2059 1888 2108 generans

511 2121 838 2169 decrescendo
879 2122 999 2169 facit
1044 2121 1468 2184 complementum,
1500 2120 1566 2167 >id
1610 2127 1699 2179 est,
1745 2135 1888 2183 quam

510 2197 720 2244 rationes
767 2197 1051 2260 quantitatis
1089 2197 1365 2260 generantis
1401 2196 1582 2259 ubique
1624 2195 1888 2242 diminutae.

512 2273 681 2335 Itaque
718 2279 774 2320 ut
809 2273 934 2320 ratio
980 2280 1270 2336 temporum,
1307 2273 1359 2319 in
1396 2272 1569 2334 quibus
1612 2271 1670 2318 fit
1699 2271 1890 2333 jactum

510 2355 685 2405 motus,
712 2355 784 2395 est
808 2347 871 2394 ad
887 2348 1126 2394 rationem
1142 2347 1468 2410 quantitatum
1486 2346 1885 2403 decrescentium,

512 2423 685 2486 quibus
708 2430 969 2485 generatur
991 2423 1149 2485 figura
1172 2422 1400 2469 deficiens
1418 2442 1429 2476 ;
1465 2422 1535 2468 ita
1550 2421 1641 2468 erit
1656 2420 1885 2479 defectuS,

512 2499 612 2545 sive
638 2498 1060 2560 complementum,
1086 2497 1149 2544 ad
1171 2497 1326 2559 ipsam
1348 2498 1557 2560 figuram
1578 2495 1774 2543 factam.

251 2577 494 2627 peaequamate
584 2580 657 2620 13.
696 2574 820 2620 Sunt
858 2573 1004 2620 etiam
1041 2573 1147 2619 aliae
1186 2573 1480 2634 quantitates
1516 2588 1576 2619 ex
1611 2570 1886 2634 cognitione

250 2626 333 2694 2¹1¹ssss
342 2622 494 2704 pfssssffis
512 2665 766 2696 causarum
795 2664 1006 2706 suarum,
1042 2647 1271 2694 nimirum
1301 2663 1360 2694 ex
1389 2646 1750 2709 comparatione
1783 2661 1885 2692 mo-

250 2707 394 2747 sphaerae’
410 2713 440 2738 εἰ
509 2731 648 2771 tuum
674 2741 703 2771 a
728 2724 898 2786 quibus
921 2724 1059 2780 fiunt,
1090 2722 1495 2779 determinabiles,
1523 2721 1712 2768 facilius
1741 2720 1884 2768 etiam

249 2750 415 2782 circulum.

510 2815 655 2861 quam
685 2816 745 2847 ex
782 2799 1116 2847 communibus
1150 2797 1430 2861 geometriae
1459 2796 1723 2845 elementis.
1790 2795 1883 2841 Ex-
