1910 3256
480 210 576 261 338
1044 222 1296 256 PHYSICA.
1853 0 1910 334 W

231 334 356 410 PAI‘}
374 335 430 369 IV·
545 339 591 379 2.
628 331 700 379 De
731 331 914 379 mundo
949 339 1187 394 praeterea
1227 332 1380 394 quaeri
1421 332 1558 391 solet,
1601 349 1664 382 an
1686 341 1849 398 partes
1909 335 1910 375 ἶ

200 425 439 502 Ls-ss-j
479 408 581 470 ejus
600 407 669 454 ita
688 407 780 454 sibi
802 407 1011 454 invicem
1035 407 1278 470 contiguae
1302 408 1413 467 sint,
1437 415 1494 456 ut
1515 424 1578 456 ne
1595 408 1851 458 minimum

230 482 323 502 ocum
338 482 371 501 1ss

360 567 418 587 ⁵⁵⁰·
479 564 678 620 putatur
701 558 753 605 in
775 564 1031 620 utramque
1054 566 1243 621 partem
1267 558 1383 606 satis
1406 558 1736 622 probabiliter.
1772 558 1852 608 Ad

480 632 748 680 tollendum
762 648 970 679 vacuum
983 632 1183 680 unicum
1200 633 1439 681 adducam
1453 633 1853 696 experimentum,

482 707 598 755 satis
637 708 823 764 tritum,
865 714 1095 765 attamen,
1135 714 1190 755 ut
1229 708 1349 755 mihi
1373 709 1580 767 videtur,
1615 707 1853 756 validissi-

482 799 629 830 mum.
700 782 773 829 Sit
810 798 925 845 ergo
965 782 1035 845 (in
1065 783 1148 845 fig.
1179 782 1224 844 l)
1251 783 1424 846 hydria
1459 784 1504 830 A
1522 783 1578 842 B,
1617 783 1747 846 quali
1786 783 1860 831 uti

484 859 640 905 solent
677 858 740 905 ad
761 858 991 920 rigandos
1013 859 1180 905 hortos
1204 858 1477 913 hortulani3
1515 859 1652 922 cujus
1675 857 1856 906 fundus

484 934 524 981 B
569 934 788 996 pluribus
832 941 1056 996 pertusus
1099 934 1160 981 sit
1204 933 1532 988 foraminulis;
1583 933 1858 995 habeatque

484 1009 717 1067 osculum,
756 1008 887 1071 quod
923 1009 1092 1072 digito,
1129 1025 1240 1056 cum
1285 1025 1406 1071 opus
1445 1008 1607 1067 fuerit,
1645 1007 1861 1056 obturari

485 1084 652 1147 possit,
693 1084 745 1130 in
785 1083 845 1131 A.
916 1084 967 1131 Si
1004 1086 1106 1147 jam
1140 1084 1314 1147 hydria
1347 1084 1444 1142 illa,
1480 1084 1704 1131 obturato
1725 1082 1861 1146 prius

486 1158 723 1206 foramine
747 1158 810 1205 ad
832 1158 892 1216 A,
931 1174 1057 1221 aqua
1087 1159 1345 1221 impleatur
1376 1159 1754 1221 invertaturque,
1788 1173 1860 1216 ea,

489 1234 682 1281 occluso
728 1233 908 1292 osculo,
960 1250 1049 1296 per
1104 1234 1292 1281 nullum
1349 1250 1516 1282 eorum
1570 1230 1872 1281 foraminum

490 1309 650 1356 effluet
674 1324 782 1371 quae
806 1315 920 1355 sunt
941 1308 992 1355 in
1015 1308 1167 1356 fundo
1193 1309 1232 1355 B
1255 1330 1267 1364 ;
1303 1315 1464 1356 amoto
1499 1315 1661 1356 autem
1695 1307 1863 1371 digito,

488 1391 544 1431 ut
567 1400 649 1431 aer
673 1399 880 1446 superne
907 1383 1224 1446 ingrediatur,
1259 1399 1347 1446 per
1376 1383 1567 1439 omnia;
1602 1398 1863 1446 rursusque
1881 1384 1893 1406 '¹

490 1459 719 1522 applicito
766 1458 934 1521 digito,
976 1459 1118 1506 simul
1160 1466 1209 1506 et
1253 1459 1411 1506 subito
1457 1458 1614 1506 omnis
1655 1458 1864 1507 sistetur.

492 1535 641 1597 Cujus
664 1534 734 1581 rei
759 1550 904 1581 causa
926 1534 1022 1582 alia
1053 1550 1154 1582 non
1188 1534 1381 1582 videtur
1416 1550 1535 1593 esse,
1568 1550 1713 1597 quam
1737 1531 1868 1597 quod

490 1625 617 1672 aqua
640 1615 819 1657 conatu
842 1624 928 1656 suo
961 1609 1025 1656 ad
1055 1609 1342 1657 descensum
1362 1609 1573 1657 naturali
1596 1609 1890 1672 subjectum:

492 1701 654 1732 aerem
689 1683 868 1746 pellere
902 1690 1016 1731 ante
1040 1699 1092 1731 se
1114 1700 1214 1731 non
1235 1690 1426 1746 potest;
1460 1690 1717 1747 propterea
1739 1681 1868 1747 quod

490 1760 626 1807 locus
662 1758 823 1806 nullus
863 1758 926 1806 sit
967 1775 1063 1822 quo
1103 1759 1272 1822 pulsus
1310 1774 1361 1806 se
1407 1759 1624 1822 recipiat,
1661 1758 1755 1806 nisi
1791 1756 1875 1805 vel·-

491 1834 717 1898 pellendo
764 1849 925 1881 aerem
976 1834 1191 1882 vicinum
1235 1834 1322 1881 fiat
1362 1840 1564 1882 conatus
1610 1833 1868 1881 continuus

492 1925 646 1972 usque
671 1908 734 1956 ad
755 1908 975 1955 foramen
998 1909 1059 1967 A,
1092 1908 1255 1970 ibique
1287 1924 1370 1955 aer
1397 1908 1449 1956 in
1470 1908 1696 1972 hydriam
1720 1907 1868 1957 intret

493 1991 638 2046 atque
662 1998 801 2045 aquae
825 1982 1052 2030 succedat
1091 1982 1338 2040 defluenti,
1372 1983 1451 2030 vel
1487 1998 1624 2045 aquae
1648 1982 1870 2037 deorsum

495 2058 693 2106 conanti
716 2057 988 2105 resistendo
1007 2073 1095 2120 per
1117 2058 1274 2121 ipsam
1296 2073 1473 2120 aquam
1494 2064 1725 2105 transeat.
1774 2054 1869 2105 Sed

495 2134 721 2197 primum,
763 2132 1001 2180 foramine
1047 2133 1092 2180 A
1130 2133 1395 2191 obstructo,
1442 2132 1736 2196 impossibile
1781 2124 1867 2182 estss

497 2209 670 2270 Neque
693 2214 856 2255 autem
881 2207 1148 2255 secundum
1170 2207 1276 2254 fieri
1305 2214 1484 2270 potest,
1517 2207 1612 2255 nisi
1634 2205 1870 2254 foramina

496 2282 566 2330 ita
587 2297 765 2346 magna
779 2282 875 2329 sint
891 2289 947 2329 ut
964 2282 1178 2344 pondere
1193 2282 1430 2339 effluentis
1444 2298 1584 2345 aquae
1596 2295 1685 2345 per
1703 2280 1869 2329 eadem

497 2358 737 2405 foramina
773 2365 822 2404 et
863 2357 1033 2404 eodem
1070 2364 1287 2419 tempore
1311 2373 1394 2404 aer
1416 2357 1467 2404 in
1489 2357 1713 2420 hydriam
1741 2372 1868 2405 com-

497 2433 733 2496 pellatur3
771 2448 828 2479 eo
853 2432 1014 2490 modo,
1054 2448 1148 2494 quo
1179 2433 1237 2478 fit
1279 2431 1473 2494 quando
1507 2431 1756 2479 vasculum
1787 2429 1870 2479 ali-

499 2507 644 2571 quod,
671 2508 749 2555 cui
773 2523 827 2554 os
851 2507 1099 2569 aliquanto
1122 2507 1278 2554 laxius
1297 2514 1385 2565 est,
1411 2506 1715 2555 effundendae
1734 2520 1868 2568 aquae

499 2599 646 2630 causa
681 2583 841 2630 subito
875 2582 1187 2636 invertimus;
1230 2588 1348 2629 tunc
1386 2582 1515 2629 enim
1554 2597 1637 2629 aer
1675 2587 1867 2628 coactus

500 2675 639 2721 aquae
679 2658 911 2721 pondere,
947 2673 1035 2720 per
1072 2657 1243 2704 orificii
1282 2657 1736 2714 circumferentiam,
1773 2661 1867 2702 tes-

501 2740 636 2780 tante
660 2733 766 2796 ipsa
789 2733 1066 2795 sigultiente
1104 2740 1152 2779 et
1182 2733 1434 2780 restitante
1469 2748 1609 2795 aqua,
1633 2731 1683 2779 in
1705 2744 1869 2778 vascu-

498 2808 599 2855 lum
638 2809 927 2871 penetrabit.
1005 2808 1208 2870 Signum
1244 2824 1360 2870 ergo
1401 2808 1520 2856 mihi
1559 2803 1866 2870 plenitudinis
