1936 3262
416 218 474 262 18
727 227 1080 262 COMPUTATIO
1109 226 1233 260 SIVE
1261 226 1479 260 LOGICA.

182 366 299 398 PARS
324 364 352 396 1.
411 350 574 397 animo
597 349 811 407 formati,
848 347 934 396 sed
957 347 1162 411 alicUJus
1197 363 1388 410 semper
1421 347 1556 395 vocis
1582 347 1684 395 sive
1705 363 1796 397 no-

171 456 358 478 ».Ὗᾷ
411 425 556 474 minis
597 441 792 472 nomen.
885 424 963 470 Ita
999 431 1056 470 ut
1093 439 1205 470 cum
1249 423 1442 470 dicatur
1483 422 1679 482 animal,
1717 423 1797 472 vel

411 517 596 559 saxum,
620 500 698 548 vel
718 506 981 563 spectrum,
1016 498 1094 546 vel
1113 498 1246 546 aliud
1267 499 1533 562 quicquam
1556 513 1662 546 esse
1684 498 1795 547 uni-

410 577 613 636 versale,
658 592 760 624 non
801 574 1176 637 intelligendum
1221 575 1286 622 sit
1330 574 1484 621 ullum
1528 573 1794 633 hominem,

412 670 597 711 saxum,
635 654 718 700 &c.
743 651 909 709 fuisse,
946 666 1067 709 esse,
1104 657 1189 698 aut
1213 666 1319 698 esse
1342 665 1486 713 posse
1504 648 1795 708 universale,

412 728 499 776 sed
531 735 726 775 tantum
762 742 909 775 voces
948 741 1029 773 eas
1076 725 1280 783 animal,
1318 741 1508 781 saecum,
1554 724 1643 784 ᾇτ’.
1691 740 1798 773 esse

410 804 611 852 nomina
632 803 943 861 universalia,
972 802 1024 849 id
1048 808 1138 861 est,
1172 801 1373 849 nomina
1404 801 1626 864 pluribus
1650 801 1797 849 rebus

413 879 705 936 communia,
732 886 781 926 et
804 878 1162 941 respondentes
1185 877 1303 940 ipsis
1328 877 1380 924 in
1399 876 1563 924 animo
1588 892 1798 940 concep-

411 964 492 1003 tus
517 963 632 1003 sunt
655 954 976 1018 singularium
999 952 1283 1000 animalium
1304 951 1383 999 vel
1405 951 1612 999 aliarum
1634 966 1799 999 rerum

412 1030 650 1093 imagines
686 1037 737 1077 et
769 1030 1130 1092 phantasmata.
1201 1027 1417 1090 Ideoque
1444 1043 1546 1075 non
1569 1034 1645 1074 est
1675 1042 1800 1090 opus

413 1106 477 1153 ad
511 1106 612 1153 vim
658 1103 958 1151 universalis
999 1102 1371 1165 intelligendam
1415 1101 1512 1149 alia
1563 1101 1800 1149 facultate

414 1197 561 1244 quam
583 1179 916 1242 imaginativa,
941 1195 1038 1241 qua
1055 1177 1372 1225 recordamur
1388 1192 1535 1224 voces
1559 1176 1800 1239 ejusmodi

412 1255 560 1303 modo
594 1271 744 1302 unam
778 1270 883 1301 rem
916 1253 1064 1301 modo
1100 1253 1246 1300 aliam
1268 1252 1320 1299 in
1345 1252 1508 1299 animo
1545 1251 1798 1299 excitasse.

419 1330 750 1378 Communium
776 1329 924 1377 etiam
948 1329 1206 1387 nominum,
1232 1328 1328 1376 alia
1352 1334 1467 1375 sunt
1496 1326 1668 1390 magis,
1706 1326 1802 1374 alia

414 1407 576 1453 minus
592 1405 863 1453 communia
871 1424 889 1459 ;
910 1404 1066 1468 magis
1076 1420 1320 1451 commune
1335 1411 1410 1450 est
1426 1401 1559 1465 quod
1571 1401 1801 1466 plurium,

414 1482 575 1529 minus
596 1481 726 1545 quod
746 1481 1036 1544 pauciorum
1059 1495 1224 1526 rerum
1243 1494 1424 1526 nomen
1442 1485 1532 1525 est.
1603 1477 1674 1525 Ut
1696 1476 1803 1524 ani-

415 1557 517 1605 mal
548 1557 704 1620 magis
741 1571 1002 1604 commune
1046 1562 1121 1601 est
1156 1570 1303 1617 quam
1338 1553 1493 1611 homo,
1529 1552 1608 1600 vel
1654 1567 1803 1615 quam
1862 1552 1867 1566 ¹

416 1650 586 1696 equus,
623 1640 710 1680 aut
749 1632 842 1690 leo,
873 1631 989 1694 quia
1022 1630 1143 1677 illud
1170 1630 1277 1676 haec
1311 1628 1476 1676 omnia
1515 1627 1802 1690 complecti-

417 1716 499 1756 tur
520 1729 532 1763 ;
586 1708 753 1770 itaque
776 1722 957 1754 nomen
979 1705 1135 1768 magis
1161 1719 1434 1761 commune,
1459 1709 1690 1766 respectu
1711 1702 1803 1749 mi-

416 1799 509 1831 nus
552 1783 841 1841 communis,
878 1782 1011 1845 quod
1035 1781 1124 1828 sub
1160 1781 1267 1843 ipso
1306 1777 1607 1836 continetur,
1639 1793 1802 1840 genus

416 1859 494 1906 vel
515 1858 762 1922 generale
788 1858 884 1905 dici
909 1857 1050 1915 solet,
1082 1857 1178 1903 hoc
1200 1871 1318 1903 vero
1351 1853 1481 1901 illius
1504 1851 1702 1917 speeies
1724 1851 1803 1900 vel

418 1934 643 1998 speciale
668 1934 863 1981 dicitur.

180 2007 340 2092 ξϊξῐῐξξζῐ
492 2014 566 2057 10.
602 2009 767 2071 Atque
780 2008 896 2055 hinc
915 2006 1167 2054 distinctio
1182 2004 1438 2053 nominum
1455 2002 1603 2051 tertia
1617 2001 1801 2060 existit,

179 2094 346 2145 §ecum-iae,
424 2084 651 2132 videlicet
685 2091 743 2131 ut
780 2083 875 2131 alia
906 2082 1103 2146 prz'moe,
1138 2081 1234 2128 alia
1265 2079 1488 2127 secundae
1511 2076 1803 2124 intentionis

179 2143 375 2169 'mmmm'
422 2159 556 2207 dicta
578 2159 692 2207 sint.
762 2159 937 2206 Primae
959 2155 1249 2204 intentionis
1270 2161 1385 2202 sunt
1402 2152 1602 2201 nomina
1620 2167 1802 2211 rerum,

419 2242 478 2282 ut
506 2235 660 2292 lzom0,
700 2234 853 2297 lapis,
893 2232 1121 2280 secundae
1163 2237 1278 2278 sunt
1313 2227 1513 2276 nomina
1547 2227 1803 2274 nominum

422 2317 472 2357 et
495 2309 789 2366 orationum,
824 2315 882 2355 ut
905 2305 1202 2363 universale,
1246 2302 1584 2368 particulare,
1622 2317 1800 2366 genus,

420 2385 632 2447 species,
674 2382 1000 2446 syllogismus
1043 2389 1094 2428 et
1141 2378 1330 2427 similia.
1424 2377 1590 2425 Quare
1636 2382 1802 2424 autem

420 2460 505 2507 illa
548 2458 734 2522 primae,
771 2458 877 2504 haec
913 2456 1139 2504 secundae
1175 2452 1464 2501 intentionis
1500 2452 1634 2499 dicta
1669 2458 1801 2510 sunt,

423 2535 618 2582 difficile
634 2542 709 2581 est
722 2531 1042 2596 pronuntiare
1065 2551 1076 2586 ;
1100 2529 1195 2577 nisi
1213 2528 1343 2576 forte
1362 2527 1420 2574 iis
1435 2527 1582 2574 rebus
1601 2526 1803 2574 nomina

421 2609 674 2671 imponere
698 2624 805 2671 quae
829 2607 892 2654 ad
914 2606 1066 2654 vitam
1081 2603 1419 2667 quotidianam
1443 2601 1799 2659 conducebant,

422 2684 633 2732 intentio
669 2684 842 2747 prima,
882 2681 1057 2729 deinde
1093 2694 1210 2727 vero
1248 2677 1307 2724 iis
1332 2678 1477 2724 rebus
1507 2692 1615 2739 quae
1651 2675 1802 2739 perti-

423 2759 608 2806 nebant
627 2759 689 2806 ad
705 2757 975 2815 scientiam,
990 2756 1042 2803 id
1061 2762 1137 2802 est
1154 2753 1434 2801 nominibus
1451 2752 1567 2799 dare
1584 2751 1799 2808 nomina,

422 2834 667 2897 posterior
690 2842 741 2881 et
764 2832 978 2882 secunda
1000 2846 1118 2879 cura
1138 2828 1303 2877 fuerit.
1390 2827 1488 2876 Sed
1511 2842 1800 2890 quacunque
