1936 3262
358 252 443 293 lviii
729 267 842 296 vrrAE
866 267 1110 296 HOBBIANAE
1134 268 1414 297 Auc'rARmM.

357 375 660 432 sexagesimum
689 391 891 419 manuum
917 387 1108 427 tremore,
1130 377 1364 434 paralyseos
1383 392 1652 434 praecursore,
1673 377 1797 420 affec-

358 475 424 507 tus
443 476 517 507 est.

415 556 468 598 In
488 556 599 598 victu
629 571 712 598 non
741 556 967 599 admodum
997 557 1194 607 curiosus,
1214 557 1377 599 nullum
1407 558 1489 600 cibi
1517 572 1650 614 genus
1672 556 1795 615 fugit,

357 661 440 703 quo
472 647 648 703 populus
685 647 840 690 utitur:
886 657 1009 690 aetate
1043 648 1173 705 magis
1206 658 1412 704 proveeta,
1448 657 1596 690 statam
1632 662 1797 705 semper

356 736 521 792 prandii
538 736 680 779 horam
707 738 961 789 observavit3
992 746 1146 794 postea,
1174 738 1316 794 paucis
1330 738 1465 780 tabaci
1479 737 1681 781 haustulis
1695 752 1796 782 con-—

357 836 509 878 tentus,
530 843 556 869 a
574 843 695 870 coena
714 843 881 885 prorsus
900 829 1113 871 abstinuit.

414 917 559 960 AEtate
589 918 726 961 adhuc
756 919 866 961 intra
894 920 1128 976 juventutis
1162 920 1361 962 terminos
1395 929 1622 970 constante,
1655 918 1797 974 (liceat

357 1023 501 1049 verum
520 1008 659 1062 fateri)
683 1023 759 1054 nec
779 1009 1003 1051 abstemius
1024 1009 1115 1060 fuit,
1138 1024 1215 1051 nec
1234 1004 1469 1059 deyvi‘nc·

753 1134 774 1149 ‘¹
787 1132 867 1163 Haec
883 1134 990 1164 omnia
1005 1134 1214 1165 mediocriter.

611 1191 719 1222 Homo
735 1191 808 1228 fuit,
822 1191 956 1223 humani
971 1193 1051 1223 nihil
1066 1204 1083 1223 a
1100 1203 1133 1223 se
1149 1192 1290 1223 alienum
1305 1194 1466 1233 putavit.”

414 1307 653 1349 Celibatum
672 1307 941 1349 nihilominus
962 1309 1109 1359 tenuit,
1132 1318 1332 1366 tanquam
1358 1309 1630 1366 philosophiae
1649 1309 1797 1352 studiis

356 1397 537 1438 maxime
556 1397 833 1439 commodum.

415 1487 627 1530 Exercitio
647 1488 829 1544 corporis
850 1487 981 1530 multo
1001 1489 1209 1539 utebatur,
1231 1489 1316 1545 pila
1335 1489 1535 1546 palmaria
1553 1505 1663 1547 saepe
1682 1489 1793 1540 lusit,

357 1578 556 1635 quamdiu
577 1594 665 1635 prae
686 1587 896 1620 senectute
921 1579 1051 1629 licuit,
1084 1580 1209 1621 etiam
1230 1580 1340 1622 ultra
1358 1595 1516 1622 annum
1543 1580 1796 1637 septuagesi-

356 1683 484 1709 mum.
546 1668 649 1724 Ejus
669 1669 713 1710 in
733 1668 883 1719 locum,
916 1683 1047 1726 quum
1076 1684 1178 1725 opus
1208 1679 1308 1720 erat,
1340 1670 1528 1712 fortiores
1554 1670 1797 1713 deambula-

357 1759 488 1800 tiones
512 1759 746 1810 substituit3
778 1769 871 1815 post
901 1774 1015 1816 quas,
1037 1760 1233 1802 adhibitis
1253 1760 1523 1810 frictionibus,
1551 1761 1595 1801 in
1621 1760 1728 1803 lecto
1752 1775 1796 1802 se

355 1849 411 1890 ad
431 1849 613 1905 quietem
633 1864 881 1905 componere
908 1849 1051 1891 solitus
1079 1859 1162 1900 est3
1193 1849 1339 1891 ultima
1364 1859 1500 1900 aetate,
1529 1865 1623 1892 cum
1653 1849 1796 1892 deam-

356 1938 502 1981 bulare
530 1939 707 1996 amplius
724 1940 795 1981 vix
824 1949 999 1997 poterat,
1031 1940 1221 1983 cubiculo
1251 1956 1304 1982 ex
1332 1950 1421 1983 arte
1450 1940 1644 1983 calidiore
1670 1940 1794 1991 facto,

356 2029 566 2072 frictiones
600 2030 746 2081 solum,
778 2030 832 2072 ad
867 2041 1027 2073 motum
1059 2032 1252 2088 sanguini
1284 2031 1383 2073 alias
1418 2031 1524 2074 forte
1553 2041 1796 2089 stagnaturo

295 2111 302 2127 ”
355 2120 674 2169 conciliandum,
697 2122 922 2178 usurpavit.

415 2211 567 2259 Quoad
597 2227 755 2263 mores3
800 2221 964 2268 oportet
992 2213 1174 2268 primum
1203 2212 1256 2254 de
1285 2212 1484 2269 religione
1512 2212 1795 2254 testimonium

356 2301 505 2343 dicere.
577 2302 717 2344 Deum
739 2311 879 2344 autem
895 2303 1077 2359 agnovit,
1101 2318 1280 2360 eumque
1303 2317 1442 2344 rerum
1462 2302 1649 2344 omnium
1668 2302 1795 2359 origi-

356 2408 467 2446 nem,
487 2393 597 2434 intra
617 2402 814 2450 angustos
830 2403 969 2435 tamen
992 2393 1185 2435 humanae
1206 2393 1376 2434 rationis
1395 2392 1597 2435 cancellos
1617 2392 1794 2436 nullate-

355 2498 433 2524 nus
454 2483 890 2525 circumscribendum.
954 2483 1097 2532 Quare
1124 2483 1285 2525 fortiter
1311 2483 1551 2525 calumniati
1579 2493 1688 2535 sunt,
1720 2483 1794 2541 qui

355 2573 490 2628 ipsum
503 2573 694 2614 atheismi
706 2588 823 2615 reum
839 2573 1101 2626 detulerunt3
1124 2575 1238 2631 quod
1248 2574 1346 2616 inde
1361 2575 1532 2616 forsitan
1547 2574 1791 2631 profectum,

355 2664 453 2721 quia
465 2664 800 2707 scholasticorum
812 2664 1071 2722 aliorumque
1091 2665 1168 2707 isto
1188 2665 1241 2707 de
1259 2679 1387 2722 grege
1405 2679 1565 2706 morem
1581 2665 1792 2721 rejecerat,

355 2754 428 2810 qui
448 2753 567 2795 otiosi
587 2754 630 2795 in
652 2755 815 2797 musaeis
835 2756 917 2797 suis
938 2755 1139 2806 sedentes,
1165 2756 1290 2812 juxta
1318 2755 1567 2797 imbecillem
1594 2753 1793 2812 ingenioli

354 2844 417 2885 sui
445 2854 625 2900 captum,
663 2855 824 2888 naturae
861 2846 1014 2888 divinae
1048 2847 1305 2903 incomperta
1338 2845 1544 2903 affingunt
1578 2845 1791 2887 attributa.

356 2933 445 2976 Nec
466 2935 602 2976 minus
629 2934 730 2977 falso
757 2951 782 2977 a
805 2935 1017 2978 nonnullis
1045 2936 1304 2978 insimulatus
1332 2945 1406 2986 est,
1429 2945 1628 2992 tanquam
1648 2935 1791 2977 solitu-
