1936 3262
330 266 429 306 XXVl
712 280 823 308 VITAE
848 279 1092 308 HOBBIANAE
1119 279 1396 308 A-UCTARIUM.

328 403 423 430 rum
443 389 607 444 patroni
626 404 674 431 ac
697 389 955 432 Maecenatis.
1006 389 1147 431 Tanto
1163 389 1304 446 itaque
1319 388 1453 430 dolori
1468 403 1564 430 cum
1583 388 1775 430 solatium

326 478 503 520 inveniri
534 479 604 521 vix
637 489 787 536 posset,
821 478 1116 521 diverticulum
1150 478 1295 520 saltem
1330 478 1522 535 quaesivit
1554 477 1774 529 Hobbius3

326 584 455 626 quare
489 569 633 612 relicta
665 571 800 626 patria
835 570 879 611 in
917 570 1100 613 Galliam
1131 571 1340 627 profectus
1373 580 1448 620 est,
1493 569 1773 612 conditionem

325 658 484 701 ferente
517 660 772 702 nobilissimo
808 660 896 701 viro
934 660 1139 702 Gervasio
1176 659 1376 710 Clifton,*‘
1417 659 1608 716 (antiqua
1637 668 1702 701 est
1731 667 1776 701 et
1813 715 1816 718 ⁴

326 764 487 791 summe
506 764 707 806 generosa
726 765 775 792 eo
795 750 966 791 nomine
987 750 1031 791 in
1060 765 1161 807 agro
1192 749 1576 806 Nottinghamiensi
1595 749 1772 804 familia)

327 849 375 881 ut
394 839 492 890 filio,
515 855 688 897 peregre
708 840 831 890 ituro,
854 840 1016 882 adesset
1038 840 1196 882 itineris
1217 840 1339 882 simul
1369 840 1456 882 dux
1477 852 1519 883 et
1539 840 1774 883 studiorum

328 930 581 973 informator.
643 931 722 973 Illo
740 941 925 988 tempore
944 947 1103 974 annum
1116 933 1203 987 jam
1219 932 1585 989 quadragesimum
1599 940 1774 988 praeter-

325 1030 479 1072 vectus,
504 1022 670 1064 Euclidi
689 1037 859 1079 operam
880 1022 981 1064 dare
1000 1003 1140 1079 coepit,
1163 1038 1248 1064 non
1269 1032 1354 1064 tam
1370 1022 1771 1064 demonstrationum

325 1112 499 1153 materia
518 1112 700 1162 allectus,
736 1128 862 1170 quam
894 1114 1200 1169 perspicuitate,
1231 1112 1494 1163 certitudine,
1526 1121 1570 1154 et
1597 1111 1774 1154 indivisa

325 1202 534 1243 rationum
554 1202 659 1243 serie
679 1202 920 1244 delectatus.
984 1202 1080 1244 Non
1098 1202 1210 1244 enim
1230 1202 1542 1245 mathematicas
1560 1212 1670 1245 artes
1698 1202 1773 1245 ad·

324 1292 497 1334 miratus
531 1302 593 1334 est
623 1292 686 1333 vir
720 1293 1108 1349 perspicacissimus,
1144 1294 1198 1335 ob
1232 1293 1412 1335 laterum
1446 1303 1488 1335 et
1521 1292 1773 1350 angulorum

324 1382 575 1432 affectiones,
606 1393 680 1425 aut
699 1399 983 1435 numerorum,
1015 1384 1233 1435 linearum,
1271 1384 1596 1441 superficierum,
1628 1397 1774 1440 corpo-

325 1489 470 1515 rumve
489 1482 655 1515 mutuas
675 1474 785 1515 inter
805 1488 848 1515 se
868 1474 1156 1530 proportiones
1190 1474 1261 1530 (de
1290 1473 1559 1531 homogeneis
1584 1472 1774 1531 intelligo

325 1563 645 1620 quantitatibus)
669 1562 877 1605 subtiliter
897 1563 1098 1606 indicatas
1115 1580 1124 1605 :
1156 1564 1312 1621 quippe
1341 1563 1573 1606 istiusmodi
1591 1563 1733 1605 omnia
1747 1578 1774 1606 a

325 1654 537 1696 communi
556 1654 641 1695 vita
670 1654 894 1695 remotiora
919 1653 1039 1695 facile
1067 1654 1383 1705 animadvertit3
1413 1653 1511 1696 licet
1538 1654 1594 1696 ad
1621 1653 1771 1710 praxin

324 1744 467 1795 relata,
495 1759 594 1786 usus
615 1759 700 1786 non
720 1744 825 1786 adeo
857 1744 1182 1786 contemnendi:
1214 1744 1286 1786 sed
1316 1744 1431 1801 quod
1458 1743 1654 1786 methodo
1674 1743 1772 1800 ipsis

323 1835 492 1891 propria
512 1834 746 1876 intellectus
776 1834 830 1876 ad
860 1849 1002 1876 rerum
1032 1835 1312 1892 cognitionem
1343 1835 1499 1892 optime
1532 1834 1768 1884 duceretur,

323 1934 450 1982 atque
485 1924 669 1966 difficilia
701 1924 955 1975 inveniendi,
978 1939 1076 1966 vera
1101 1911 1323 1976 asserendi,
1360 1925 1462 1967 falsa
1491 1924 1772 1982 redarguendi

324 2017 552 2059 certissima
573 2017 733 2059 ratione
753 2017 1023 2060 imbueretur.
1086 2016 1229 2065 Quare
1253 2016 1313 2058 illi
1333 2017 1411 2058 viae
1431 2016 1486 2058 ad
1506 2016 1695 2058 scientias
1724 2016 1769 2057 in

322 2117 534 2163 posterum
547 2107 848 2163 promovendas
863 2107 1051 2149 insistere
1064 2107 1264 2157 decrevit;
1286 2117 1486 2163 pertaesus
1498 2106 1769 2162 philosophiae

322 2197 517 2254 vulgaris,
541 2213 636 2254 quae
658 2197 797 2239 infidis
818 2198 1031 2254 principiis
1052 2198 1159 2240 male
1179 2198 1487 2255 compaginatae,
1504 2197 1696 2239 notiones
1711 2196 1770 2239 ita

322 2296 668 2343 superstruxerat,
703 2297 751 2329 ut
781 2297 868 2330 tota
896 2288 1064 2330 aedificii
1098 2287 1226 2330 moles
1255 2287 1422 2329 ruinam
1441 2287 1601 2329 factura
1629 2286 1767 2343 palam

321 2377 533 2420 videretur
547 2394 558 2428 3
589 2392 684 2419 cum
715 2377 883 2419 interim
911 2386 1020 2419 artes
1049 2377 1133 2420 illae
1161 2376 1464 2419 mathematicae
1485 2376 1620 2427 certis,
1657 2376 1768 2418 etin

322 2467 580 2524 experientia
592 2467 804 2509 communi
816 2466 999 2509 fundatis
1011 2466 1224 2523 principiis
1237 2466 1407 2516 innixae,
1425 2465 1557 2508 multa
1571 2466 1613 2507 in
1630 2465 1767 2514 lucem

321 2558 491 2599 inventa
509 2557 792 2614 protulissent,
813 2557 998 2599 humano
1018 2557 1163 2614 generi
1183 2556 1313 2607 utilia,
1345 2555 1425 2598 sibi
1451 2556 1548 2612 ipsis
1574 2555 1764 2612 gloriosa.

322 2647 565 2690 Dolendum
585 2657 726 2689 tamen
746 2646 886 2689 nobile
905 2647 983 2689 hoc
1003 2647 1232 2703 ingenium,
1249 2646 1396 2689 eodem
1411 2661 1495 2703 quo
1508 2655 1551 2688 et
1565 2661 1766 2703 magnum

325 2737 583 2794 Scaligerum
614 2737 843 2779 infortunio
873 2736 1093 2787 laborasse,
1130 2736 1245 2793 quod
1274 2736 1575 2779 mathematicis
1604 2736 1762 2788 studiis,

320 2843 415 2884 quae
436 2827 515 2870 nisi
535 2827 578 2869 in
600 2827 753 2869 teneris
772 2827 920 2869 animis
940 2826 1044 2868 altas
1064 2825 1222 2868 radices
1234 2826 1305 2867 vix
1324 2835 1469 2883 agunt,
1490 2827 1619 2869 serius
1638 2826 1764 2883 paulo

629 2942 644 2957 *
658 2935 738 2966 Vide
754 2936 914 2967 Thoroton
931 2935 1148 2976 Antiquitates
1164 2934 1451 2975 Nottiughamicas.
