1910 3256
443 243 538 286 426
1007 257 1076 290 PH
1088 258 1259 292 YSICA.

195 366 311 441 ΡΑΙῖξὲ
336 367 393 399 IV·
442 372 555 427 post
586 364 754 424 videri,
781 367 999 415 extincta
1021 367 1144 427 11100,
1178 369 1421 427 desinunt,
1446 371 1666 420 similiter
1687 373 1812 422 acin

198 434 385 509 »ἦγ’-α
442 455 582 503 aqua.
633 441 873 488 Caeterum
898 443 938 489 si
962 443 1195 491 craticula
1219 446 1500 492 extrahatur
1520 446 1812 496 carbonibus

164 500 246 532 Em
261 512 294 532 ¹¹¹
312 508 424 534 ‘mm
440 514 599 562 adhuc
629 516 769 564 valde
807 518 1089 577 calentibus,
1125 520 1359 582 paulatim
1393 521 1728 570 accenduntur
1761 531 1812 571 et

161 545 300 584 eorporis
321 556 423 586 genus

160 590 423 663 gircetagnrgngggb
439 590 674 638 relucent.
744 592 799 638 In
818 593 913 640 hoc
932 593 1128 655 quidem
1151 611 1180 641 a
1199 595 1511 643 similitudine
1535 612 1672 658 aquae
1689 613 1811 646 non-

162 683 200 723 ⁸.¹¹
215 675 254 704 ab
269 685 340 705 aere
355 676 420 706 dis·
439 664 561 711 nihil
585 665 851 713 disceditur
870 688 881 721 ;
917 683 1031 714 113111
1066 669 1269 717 materia
1291 669 1396 718 haec
1420 687 1520 718 non
1543 670 1809 731 humectat,

161 718 383 757 tinguendum.
437 740 704 803 mersisque
744 741 1047 799 adhaerescit,
1088 743 1213 791 sicut
1249 760 1388 807 aqua,
1438 761 1546 807 quae
1585 761 1811 794 reaccen-

437 814 624 862 sionem
647 816 973 864 humectando
996 818 1216 880 impedit.

503 890 629 937 Item
661 892 699 938 si
730 892 793 938 ad
828 892 1037 939 eundem
1065 893 1227 940 locum
1263 894 1301 941 C
1338 893 1625 941 demittatur
1647 894 1809 954 homo,

433 965 703 1027 respirandi
728 967 922 1029 quidem
947 967 1278 1016 difficultatem
1303 968 1480 1026 statim,
1515 984 1629 1016 mox
1648 976 1811 1018 autem

435 1047 484 1086 et
508 1040 773 1104 deliquium
794 1043 993 1104 patitur,
1019 1050 1067 1090 et
1090 1044 1184 1091 nisi
1209 1044 1305 1091 cito
1330 1043 1626 1102 extrahatur,
1661 1045 1809 1092 mori-

434 1122 529 1162 tur.
599 1117 753 1164 Moris
789 1133 905 1180 ergo
943 1126 1016 1165 est
1053 1118 1127 1176 iis,
1171 1118 1253 1180 qui
1290 1117 1606 1176 descendunt,
1645 1118 1810 1166 simul-

434 1197 580 1253 atque
617 1192 956 1254 aegritudinem
991 1193 1198 1255 primam
1239 1194 1468 1252 sentiant,
1505 1193 1673 1240 funem
1712 1209 1808 1256 quo

435 1265 757 1314 demittuntur
790 1267 1032 1324 motitare,
1069 1268 1262 1330 signum
1297 1267 1614 1331 aegritudinis,
1648 1274 1704 1315 ut
1726 1284 1809 1316 ex-

433 1342 704 1389 trahantur.
777 1342 940 1389 Serius
965 1358 1110 1405 quam
1147 1343 1395 1406 opportuit
1418 1342 1638 1401 extracti,
1674 1350 1723 1390 et
1745 1343 1808 1390 ob

434 1433 541 1464 eam
565 1433 759 1464 causam
783 1433 926 1464 sensu
948 1424 1181 1480 motuque
1206 1417 1414 1465 carentis
1439 1433 1492 1465 os
1524 1433 1734 1480 pronum
1756 1417 1808 1465 in

432 1499 626 1551 terram,
653 1499 821 1539 execto
846 1492 1046 1555 cespite,
1077 1499 1324 1539 recentem
1357 1491 1659 1547 immittunt3
1694 1491 1808 1539 inde

430 1566 680 1629 paulatim,
701 1566 796 1613 nisi
818 1567 962 1629 plane
985 1573 1203 1614 mortuus
1227 1567 1389 1625 fuerit,
1415 1582 1609 1614 sensum
1626 1573 1682 1614 -et
1702 1582 1807 1614 mo-

430 1649 535 1689 tum
559 1641 758 1704 recipit;
795 1650 845 1689 et
867 1648 1101 1703 tanquam
1119 1657 1205 1703 per
1228 1657 1281 1688 os
1305 1641 1581 1704 egrediente
1604 1641 1808 1689 materia

430 1718 591 1775 noxia,
617 1733 762 1779 quam
782 1718 870 1764 sub
895 1725 1074 1767 terram
1088 1716 1343 1774 inbiberat,
1359 1716 1617 1774 reviviscit,
1634 1716 1806 1764 eodem

428 1793 529 1840 fere
552 1793 697 1840 modo
739 1808 834 1854 quo
871 1792 922 1838 in
962 1808 1087 1853 aqua
1120 1791 1358 1848 suffocati,
1395 1791 1435 1838 si
1469 1807 1644 1853 aquam
1666 1806 1806 1839 revo-

427 1875 578 1915 mant.
647 1867 841 1915 Accidit
864 1875 1026 1914 autem
1049 1867 1142 1914 hoc
1165 1883 1264 1913 non
1290 1867 1340 1913 in
1371 1867 1594 1914 omnibus
1627 1866 1803 1929 puteis,

429 1944 515 1990 sed
548 1944 598 1990 in
634 1943 814 2000 multis,
855 1958 945 1989 nec
983 1942 1034 1989 in
1069 1942 1242 1989 iisdem
1288 1957 1491 2004 semper,
1537 1941 1622 1989 sed
1659 1957 1800 2004 saepe.

429 2018 640 2067 Quando
686 2018 880 2076 accidit,
929 2017 1197 2064 remedium
1232 2017 1465 2064 adhibent
1509 2017 1801 2079 hujusmodi.

426 2093 638 2141 Fodiunt
661 2093 712 2140 in
742 2093 1017 2155 propinquo
1057 2099 1258 2155 puteum
1295 2092 1442 2138 alium
1480 2107 1616 2154 aeque
1650 2091 1802 2139 altum

423 2170 533 2227 DE,
559 2175 607 2216 et
631 2169 936 2230 conjungunt
954 2175 1216 2229 utrumque
1235 2166 1458 2214 cuniculo
1473 2167 1578 2214 ΕΒ.
1614 2166 1803 2215 Deinde

423 2245 483 2291 ab
508 2260 713 2291 accenso
736 2244 849 2306 igne
872 2244 923 2290 in
957 2243 1125 2300 fundo,
1162 2243 1218 2297 E,
1255 2258 1352 2300 aer,
1390 2243 1473 2305 qui
1513 2242 1658 2290 estin
1681 2244 1800 2291 tubo

424 2321 467 2367 D
487 2320 541 2378 E,
569 2319 791 2366 evehitur
813 2319 864 2365 in
889 2318 1040 2366 altum
1063 2318 1193 2364 foras
1217 2333 1304 2380 per
1327 2317 1370 2364 D
1389 2338 1401 2372 ;
1437 2317 1567 2364 hunc
1584 2317 1801 2379 sequitur

422 2410 506 2441 aer
551 2401 808 2441 contentus
854 2393 904 2440 in
942 2392 1165 2439 cuniculo
1206 2393 1245 2439 Ε
1267 2393 1305 2439 Β
1327 2413 1338 2447 ;
1393 2407 1536 2454 quem
1581 2393 1799 2455 sequitur

420 2470 624 2517 materia
646 2469 792 2516 noxia
815 2475 1044 2516 contenta
1067 2468 1117 2515 in
1143 2468 1181 2515 C
1200 2468 1254 2526 B,
1290 2475 1339 2514 et
1361 2467 1487 2514 redit
1508 2475 1674 2530 puteo,
1709 2484 1799 2530 pro

421 2563 479 2593 ea
500 2546 622 2602 vice,
648 2544 787 2591 solita
806 2543 1078 2591 salubritas.
1148 2544 1222 2590 Ex
1245 2543 1497 2590 historiola
1518 2542 1626 2601 hac,
1652 2559 1797 2606 quam

420 2622 478 2668 iis
503 2620 615 2667 solis
639 2620 813 2677 scribo,
841 2620 923 2681 qui
946 2619 1204 2666 veritatem
1224 2620 1326 2681 ejus
1349 2618 1442 2681 ipsi
1465 2618 1651 2680 experti
1665 2626 1795 2677 sunt,

426 2697 560 2758 (nam
599 2695 956 2758 philosophiam
996 2694 1209 2741 historiis
1256 2693 1415 2740 dubiae
1454 2693 1568 2740 fidei
1606 2693 1795 2752 fulcire,

421 2788 521 2819 non
546 2778 619 2819 est
642 2772 824 2832 meum)
863 2770 1171 2833 phaenomeni
1206 2785 1351 2816 causa
1380 2768 1622 2831 possibilis
1653 2769 1794 2816 intel-

420 2848 507 2910 ligi
530 2854 694 2910 potest
716 2847 849 2893 haec:
886 2846 1141 2892 materiam
1165 2861 1268 2892 esse
1305 2844 1547 2906 quandam
1577 2843 1793 2901 fluidam,
