1910 3256
202 395 319 429 PARS
335 397 393 430 lv.

276 441 328 472 30.

217 485 381 509 ω-Ὺ-κ

167 530 394 564 Descensionis

165 575 311 614 gravium
327 586 434 608 causa.

455 274 550 316 416
1019 285 1271 319 PHYSICA.

453 392 705 455 quodlibet
749 401 893 443 terrae
927 395 1140 444 insidens
1169 412 1198 443 a
1231 404 1364 444 terra
1396 396 1500 459 ipsa
1537 397 1589 445 in
1621 397 1824 447 sublime
1867 410 1869 412 ’

454 469 615 516 efferri
632 479 852 532 possunt.

518 549 565 592 4.
604 544 677 592 Sit
693 546 796 608 jam
818 546 886 605 (in
904 546 987 609 fig.
1012 545 1064 608 2)
1093 553 1262 594 centro
1291 547 1328 594 C
1355 547 1564 595 circulus
1582 547 1632 596 in
1657 563 1824 612 super-

451 619 562 668 ficie
601 627 746 675 terrae
785 621 1022 669 maximus
1070 622 1310 670 transiens
1349 638 1438 686 per
1481 623 1527 670 A
1566 631 1616 671 et
1657 623 1726 678 B;
1761 624 1824 671 sit

449 701 613 743 autem
653 703 703 744 et
747 712 896 760 grave
942 696 1208 759 quodlibet,
1247 705 1369 760 puta
1406 713 1575 746 saxum
1617 700 1659 745 A
1674 698 1736 757 D,
1770 698 1822 746 in

447 770 593 833 plano
613 772 874 834 aequatoris
892 771 1198 835 ubicunque;
1235 773 1633 835 concipiaturque
1653 787 1823 820 saxum

447 846 508 893 ab
536 846 581 895 A
596 846 639 893 D
669 847 896 894 emissum
928 847 1406 909 perpendiculariter,
1441 848 1519 895 vel
1554 847 1822 911 quomodo-

446 936 637 984 cunque
662 929 883 969 evectum
905 938 1057 985 usque
1081 921 1145 970 ad
1162 923 1218 979 E,
1237 923 1305 969 ibi
1323 923 1584 986 quiescere.
1655 923 1822 972 Quan-

446 1002 551 1043 tum
584 1012 699 1058 ergo
733 997 879 1059 spatii
914 1013 1083 1044 saxum
1111 1005 1433 1060 occupaverat
1466 998 1518 1045 in
1555 998 1598 1045 A
1614 998 1675 1055 D,
1713 1005 1821 1046 tan·-

446 1071 648 1118 tundem
673 1080 879 1135 occupat
909 1089 1039 1120 nunc
1063 1074 1113 1120 in
1136 1074 1191 1119 E.
1265 1073 1392 1121 Cum
1427 1089 1544 1136 ergo
1576 1088 1677 1135 nou
1698 1089 1820 1122 con-

447 1146 650 1194 cedatur
685 1147 820 1194 locus
855 1164 1050 1206 vacuus,
1093 1148 1359 1210 replebitur
1400 1148 1610 1211 spatium
1645 1147 1754 1208 AD
1790 1164 1822 1196 a

448 1222 725 1269 confluente
749 1238 874 1280 aere,
898 1222 1029 1270 facto
1054 1223 1192 1270 initio
1216 1239 1246 1270 a
1269 1223 1390 1270 locis
1408 1231 1553 1271 terrae
1570 1221 1819 1286 proximis,

448 1304 498 1345 et
543 1297 718 1345 deinde
759 1314 788 1344 a
827 1298 1168 1345 remotioribus
1209 1298 1493 1345 successive,
1564 1298 1745 1346 Centro
1767 1298 1821 1347 <C

446 1372 745 1435 intelligatur
773 1373 946 1420 ductus
972 1373 1180 1420 circulus
1204 1389 1291 1436 per
1313 1374 1371 1425 E.
1400 1381 1449 1421 et
1476 1374 1687 1436 spatium
1716 1374 1822 1438 pla-

444 1463 562 1494 num
597 1448 726 1495 inter
751 1448 1055 1511 superficiem
1089 1456 1233 1495 terrae
1273 1456 1324 1495 et
1362 1448 1817 1509 circumferentiam,

448 1539 557 1586 quae
592 1524 767 1571 transit
798 1540 887 1587 per
913 1525 968 1582 Ε,
1006 1523 1212 1570 divisum
1248 1539 1352 1571 esse
1385 1523 1437 1571 in
1472 1524 1613 1572 orbes
1648 1525 1819 1587 planos

448 1599 657 1661 aequales
697 1607 746 1646 et
783 1598 1146 1653 concentricos3
1195 1615 1399 1661 quorum
1424 1599 1617 1662 primus
1657 1599 1720 1647 sit
1759 1600 1817 1659 is,

447 1674 530 1736 qui
555 1674 833 1721 continetur
856 1691 885 1721 a
908 1674 1092 1721 duabus
1115 1674 1388 1736 perimetris
1411 1690 1499 1736 per
1522 1675 1562 1721 A
1589 1681 1638 1722 et
1660 1674 1720 1722 D.

512 1750 641 1796 Dum
687 1765 802 1812 ergo
843 1765 940 1806 aer,
979 1749 1062 1811 qui
1100 1756 1171 1795 est
1209 1749 1258 1795 in
1301 1749 1418 1796 orbe
1452 1750 1626 1812 primo,
1665 1749 1820 1812 replet

428 1823 604 1871 >locum
627 1824 745 1882 AD,
770 1825 827 1871 fit
850 1824 952 1886 ipse
988 1823 1118 1870 orbis
1152 1831 1291 1871 tanto
1326 1823 1500 1881 minor,
1532 1833 1582 1870 et
1612 1824 1818 1886 proinde

441 1899 650 1946 latitudo
688 1900 791 1961 ejus
827 1899 986 1945 minor
1023 1913 1166 1960 quam
1193 1904 1326 1944 recta
1359 1898 1454 1945 AD
1472 1918 1484 1952 ;
1504 1914 1668 1961 quare
1709 1907 1817 1946 tan-

439 1974 643 2021 tundem
661 1974 784 2021 aeris
802 1973 1075 2020 necessario
1095 1972 1355 2020 descendet
1378 1974 1439 2020 ab
1464 1974 1580 2021 orbe
1597 1974 1816 2036 proxime

440 2049 702 2111 superiore.
774 2048 1005 2096 Similiter
1035 2055 1234 2110 propter
1270 2047 1473 2094 eandem
1508 2064 1699 2096 causam
1729 2050 1817 2096 fiet

438 2139 605 2171 rursus
652 2122 908 2170 descensus
953 2122 1078 2170 aeris
1124 2122 1183 2169 ab
1231 2122 1347 2170 orbe
1391 2123 1609 2185 proxime
1654 2122 1817 2171 adhuc

439 2198 704 2261 superiore,
738 2205 883 2260 atque
917 2197 987 2245 ita
1022 2197 1215 2244 demum
1251 2198 1310 2244 ab
1352 2213 1410 2244 eo
1452 2197 1557 2260 ipso
1598 2198 1731 2256 orbe,
1763 2199 1815 2246 in

439 2290 535 2336 quo
572 2274 778 2337 quiescit
809 2290 978 2321 saxum
1013 2273 1075 2320 ad
1099 2274 1171 2327 E;
1207 2273 1283 2319 vel
1312 2287 1428 2336 ergo
1460 2273 1618 2336 ipsum
1646 2289 1815 2321 saxum
1879 2326 1881 2328 ,

439 2349 717 2407 descendet,
750 2349 826 2396 vel
856 2349 1145 2396 tantundem
1185 2348 1337 2395 aeris:
1380 2364 1586 2410 cumque
1626 2349 1816 2398 facilius

438 2440 468 2471 a
497 2424 798 2471 revolutione
821 2423 1008 2470 telluris
1044 2423 1217 2470 diurna
1241 2423 1514 2470 excutiatur
1545 2440 1642 2482 aer,
1667 2434 1814 2488 quam'

439 2515 622 2558 saxum,
648 2515 745 2557 aer,
772 2499 854 2561 qui
890 2505 962 2546 est
991 2499 1041 2546 in
1079 2499 1196 2546 orbe
1230 2498 1387 2561 ipsum
1411 2514 1580 2546 saxum
1604 2499 1813 2562 amplec-

439 2581 590 2632 tente,
615 2574 757 2622 altius
786 2574 1058 2621 excutietur
1087 2589 1231 2636 quam
1262 2574 1419 2636 ipsum
1447 2590 1630 2622 saxum.
1701 2575 1813 2622 Hoc

439 2656 602 2696 autem
641 2649 748 2696 fieri
787 2665 887 2696 non
922 2655 1085 2711 potest
1124 2649 1225 2695 sine
1262 2649 1472 2696 admisso
1508 2665 1676 2707 vacuo,
1716 2650 1812 2698 nisi

438 2724 727 2771 tantundem
755 2724 879 2771 aeris
909 2723 1171 2771 descendat
1202 2723 1264 2771 ad
1296 2725 1351 2782 E,
1387 2741 1417 2771 a
1449 2724 1557 2772 loco
1591 2724 1812 2787 proxime

440 2799 631 2854 altiore;
668 2816 763 2862 quo
778 2799 909 2847 facto
929 2815 1096 2846 saxum
1113 2799 1338 2846 deorsum
1359 2799 1597 2847 trudetur.
1646 2800 1811 2848 Habet

441 2889 556 2935 ergo
598 2876 700 2937 jam
737 2891 903 2922 saxum
947 2874 1206 2922 descensus
1248 2874 1321 2921 sui
1368 2873 1575 2933 initium,
1622 2874 1673 2922 id
1717 2882 1808 2933 e'st,
