1936 3262
395 269 488 311 xciv

898 281 997 309 VITA
1018 281 1122 309 Tuo.
1147 281 1331 310 HOBBES.

512 392 644 450 Regia
665 392 831 434 conanti
852 392 1009 434 calamo
1030 391 1253 433 defendere
1267 393 1378 448 jura,

566 484 671 532 Quis
691 484 791 525 vitio
812 493 945 525 vertat
965 483 1080 539 regia
1094 484 1192 539 jura
1213 482 1390 540 petens?

512 575 701 617 Scribere
721 575 871 631 cuique
891 575 970 616 fuit
989 574 1170 625 libertas,
1194 575 1306 631 quod
1328 575 1405 616 sibi
1428 574 1559 615 visum

567 664 698 716 Esset,
721 675 917 707 contento
938 665 1075 706 vivere
1091 680 1206 707 more
1225 665 1317 708 loci.

508 757 744 799 Leviathan
759 755 916 797 clerum
936 765 979 797 at
1000 765 1133 812 totum
1154 755 1255 796 mihi
1275 755 1428 797 fecerat
1447 754 1604 796 hostem
1621 770 1632 804 3
1651 783 1653 785 ·

564 847 709 889 Hostis
732 848 978 902 Tlteoloyum
1000 849 1126 889 nidus
1146 853 1318 903 uterque
1326 848 1436 902 fuit.

510 935 619 977 Nam
640 935 740 977 dum
765 936 928 992 Papalis
952 936 1089 992 Regni
1112 946 1322 978 contrecto
1344 945 1561 985 tumorem,

565 1027 668 1077 Hos,
689 1027 786 1069 licet
804 1028 1013 1078 abscissos,
1035 1027 1189 1070 laedere
1210 1028 1319 1069 visus
1338 1043 1464 1070 eram.

509 1117 669 1159 Contra
689 1120 938 1168 Leviathan,
960 1118 1107 1174 primo,
1129 1118 1313 1160 convicia
1333 1118 1532 1168 scribunt,

566 1207 623 1248 Et
642 1222 777 1257 causa,
802 1217 847 1249 ut
868 1217 984 1249 tanto
1003 1208 1097 1264 plus
1117 1208 1338 1265 legeretur,
1361 1218 1492 1250 erant.

509 1297 688 1339 Firmius
708 1297 807 1339 inde
826 1298 951 1348 stetit,
973 1313 1093 1354 spero
1113 1298 1321 1355 stabitque
1341 1313 1415 1355 per
1435 1314 1559 1341 omne

564 1387 736 1439 AEvum,
758 1385 950 1430 defensus
970 1389 1127 1431 viribus
1143 1389 1229 1445 ipse
1249 1389 1344 1431 suis.

505 1479 532 1521 J
534 1479 685 1521 ustitiae
708 1494 915 1533 mensura,
933 1488 1059 1536 atque
1078 1480 1317 1522 ambitionis
1335 1479 1546 1531 elenchus,

566 1570 729 1626 Regum
751 1585 839 1620 arx,
861 1585 946 1626 pax
963 1570 1130 1626 populo,
1153 1570 1187 1611 si
1206 1570 1417 1621 doceatur,
1438 1571 1529 1613 erit.

506 1662 620 1703 Ante
638 1660 742 1703 duos
762 1661 935 1703 minima
953 1661 1136 1717 praemisi
1156 1661 1265 1703 mole
1285 1661 1446 1704 libellos
1461 1678 1472 1713 3

566 1751 649 1794 Sed
668 1767 746 1793 nec
765 1752 872 1794 inest
890 1752 1027 1808 parvis
1046 1752 1182 1809 gratia
1200 1767 1327 1808 parva
1345 1751 1476 1794 libris.

507 1841 619 1896 Ille†
638 1842 758 1884 docet
778 1852 913 1884 motus
936 1843 1066 1885 animi
1085 1852 1127 1885 et
1147 1843 1435 1899 phantasmata
1450 1858 1604 1894 sensus,

563 1934 654 1975 Neo
674 1949 796 1976 sanos
808 1937 981 1989 patitur
999 1941 1165 1990 spectra
1186 1938 1330 1977 timere
1348 1937 1477 1978 viros:
1501 1932 1503 1934 ’

505 2021 663 2077 Alterss
683 2033 727 2064 at
747 2023 919 2079 Imperii
939 2024 1194 2066 sanctissima
1207 2024 1306 2080 jura
1325 2023 1530 2080 repandit,

565 2112 758 2170 Quaeque
778 2114 901 2156 rudes
921 2115 1094 2171 populos
1113 2115 1279 2158 vincula
1298 2130 1413 2157 sacra
1433 2124 1588 2158 tenent.

507 2203 699 2245 Tandem
719 2204 844 2245 etiam
863 2205 1030 2247 absolvo
1050 2205 1202 2247 librum
1226 2208 1293 2248 De
1315 2208 1508 2262 Corpore,
1530 2206 1647 2262 cujus

563 2293 764 2336 Materies
784 2295 906 2337 simul
925 2305 966 2337 et
986 2296 1118 2338 forma
1137 2297 1388 2353 geometrica
1407 2306 1482 2339 est.

506 2385 630 2427 Tunc
651 2385 763 2427 venit
782 2386 825 2426 in
845 2386 993 2437 lucem,
1016 2396 1102 2429 tota
1122 2387 1346 2443 plaudente
1365 2398 1529 2430 caterva

562 2477 906 2534 Algebristarum‚
930 2478 1100 2520 Wallisii
1120 2480 1339 2536 algebrica‚

506 2568 583 2610 Illa
605 2569 857 2611 Geometriae
878 2570 1014 2625 pestis,
1038 2586 1132 2627 quae
1153 2581 1335 2627 coeperat
1354 2581 1450 2614 ante

565 2660 710 2701 Annos
730 2659 822 2715 plus
843 2670 1024 2711 centum,
1046 2676 1158 2703 nunc
1179 2672 1220 2704 et
1240 2663 1397 2720 ubique
1417 2664 1528 2706 furit.

519 2851 541 2890 †
566 2849 660 2879 Liber
674 2850 709 2879 de
727 2851 851 2881 Natura
870 2851 1026 2882 Humana.
1221 2854 1238 2891 Ι
1262 2853 1331 2884 Lib.
1350 2855 1387 2884 de
1405 2854 1539 2896 Corpore
1555 2855 1700 2888 Politice.

1918 375 1936 499 ἰ

1926 608 1936 652 i
