1936 3262
493 267 580 310 162
872 281 1243 315 PHILOSOPHIA
1270 283 1458 317 PRIMA.

260 391 441 466 PAR4811
484 388 638 436 randa
661 397 748 437 est.
819 391 1127 455 Quamquam
1158 401 1321 441 autem
1352 395 1554 442 minima
1584 403 1719 444 recta
1750 391 1855 447 dari

272 481 434 502 ψ
482 479 582 511 11011
618 473 797 528 potest,
822 467 907 514 sed
931 483 1120 530 semper
1156 469 1321 527 dividi,
1345 470 1656 532 pervenietur
1687 478 1854 521 tamen

254 1524 376 1597 Apuigl

285 1568 441 1643 1111111111·

255 1611 396 1643 (110111(1·

486 540 549 587 ad
578 549 767 603 partem
794 559 891 590 non
928 543 1344 601 considerandam,
1380 546 1431 592 id
1466 545 1597 608 quod
1627 561 1855 596 vocamus

483 625 742 678 punctum3
764 618 895 680 quod
909 626 1146 681 punctum
1159 621 1322 682 jacere
1337 620 1628 683 intelligitur
1637 621 1689 668 in
1702 629 1853 682 recta,

486 707 593 754 quae
641 708 839 740 curvam
876 694 1135 756 contingit,
1181 703 1442 758 propterea
1484 695 1616 758 quod
1651 695 1854 760 angulus
1920 714 1924 717 ⁴

484 767 678 830 genitus
703 776 777 815 est
798 784 886 831 per
909 777 1098 816 motum
1126 769 1427 829 circularem,
1457 778 1645 818 rectam
1673 769 1735 820 ab
1762 773 1856 822 alia

484 850 620 890 recta
665 844 820 906 ipsam
863 845 1180 908 contingente
1230 845 1306 907 (ut
1352 862 1498 909 supra
1539 846 1761 895 Articulo
1807 850 1853 907 7,
1911 888 1913 890 .

486 917 715 980 diximus)
777 919 1145 967 distrahentem.
1232 920 1454 984 Angulus
1499 921 1666 985 igitur,
1714 938 1855 985 quem

482 992 671 1040 faciunt
700 993 809 1041 (11100
831 995 973 1042 1111000
1013 1011 1189 1054 curvae,
1222 995 1352 1043 idem
1384 1004 1459 1044 est
1494 1013 1606 1044 cum
1630 1013 1688 1045 eo
1713 1013 1856 1061 quem

484 1068 671 1115 faciunt
695 1085 860 1117 earum
883 1078 1031 1118 rectae
1054 1070 1411 1133 contingentes.

552 1143 694 1190 Unde
762 1145 982 1207 sequitur
1049 1145 1253 1208 angulos
1314 1146 1569 1194 verticales
1637 1146 1740 1209 (fig.
1799 1146 1851 1210 2)

482 1233 590 1265 0550
613 1218 743 1266 inter
778 1235 828 1266 se
863 1220 1090 1282 aequales,
1121 1219 1287 1283 quales
1315 1229 1429 1268 sunt
1463 1222 1508 1269 A
1527 1222 1568 1269 B
1589 1221 1642 1281 C,
1678 1222 1723 1269 D
1740 1222 1780 1269 B
1803 1222 1853 1270 F.

480 1293 613 1340 Nam
658 1309 717 1340 ex
763 1293 950 1342 duabus
996 1295 1390 1358 semiperimetris
1432 1297 1476 1343 D
1501 1297 1545 1344 A
1569 1297 1623 1356 C,
1670 1297 1708 1344 F
1738 1297 1782 1344 D
1813 1297 1852 1345 A

483 1367 613 1415 inter
637 1384 687 1415 se
711 1369 977 1431 aequalibus
1002 1369 1251 1417 auferatur
1279 1372 1549 1420 communis
1572 1388 1713 1420 arcus
1737 1372 1781 1420 D
1796 1373 1854 1431 A,

484 1444 740 1490 restabunt
762 1459 903 1491 arcus
926 1444 971 1491 A
992 1444 1047 1503 C,
1070 1443 1115 1491 D
1131 1445 1168 1491 F
1191 1446 1416 1508 aequales.

558 1524 630 1566 10.
667 1518 888 1581 Angulus
913 1527 1077 1566 autem
1101 1519 1222 1567 alius
1250 1527 1434 1579 rectus,
1470 1521 1592 1568 alius
1629 1521 1854 1586 obliquus

438 1593 678 1645 odicitur.
737 1593 920 1640 Rectus
939 1594 1135 1656 quidem
1151 1595 1290 1657 eujus
1308 1595 1565 1659 quantitas
1583 1603 1659 1643 est
1672 1603 1857 1661 quarta
1902 1628 1906 1629 ν

473 1684 606 1732 pars
638 1668 945 1732 perimetri:
979 1669 1233 1753 lineaeque,
1273 1687 1381 1733 quae
1413 1671 1645 1734 angulum
1667 1679 1856 1719 rectum

479 1743 682 1801 faciunt,
726 1742 957 1791 dicuntur
1004 1744 1097 1791 sibi
1138 1745 1347 1792 invicem
1384 1746 1854 1810 perpendiculares..

481 1819 819 1881 obliquorum,
863 1818 947 1881 qui
982 1827 1116 1867 recto
1157 1821 1313 1882 major
1349 1828 1438 1878 est,
1482 1820 1683 1868 obtusus
1702 1839 1720 1875 ;
1768 1822 1852 1885 qui

479 1893 654 1951 minor,
711 1900 884 1940 acutus
937 1894 1222 1957 appellatur.
1305 1895 1379 1942 Ex
1421 1911 1516 1958 quo
1563 1895 1854 1960 intelligitur

480 1983 647 2015 omnes
666 1968 870 2031 angulos
886 1969 1141 2034 possibiles
1167 1970 1230 2017 ad
1252 1970 1381 2018 idem
1403 1978 1644 2033 punctum
1669 1971 1852 2019 consti-

478 2051 629 2102 tutos,
664 2043 806 2090 simul
828 2051 1066 2106 sumptos,
1088 2045 1297 2107 aequales
1318 2060 1423 2092 esse
1444 2052 1654 2108 quatuor
1668 2046 1817 2094 rectis
1838 2066 1851 2102 ;

477 2118 593 2181 quia
608 2118 857 2182 quantitas
874 2134 1044 2166 eorum
1067 2120 1210 2167 simul
1225 2128 1531 2184 sumptorum
1550 2128 1625 2168 est
1641 2121 1850 2184 perime-

479 2202 555 2241 ter
587 2201 695 2241 tota
716 2212 726 2239 :
764 2193 929 2250 etiam,
956 2210 1126 2242 omnes
1151 2196 1355 2259 angulos
1379 2195 1443 2243 ad
1463 2195 1594 2243 idem
1615 2203 1854 2259 punctum

480 2276 530 2316 et
566 2268 629 2316 ad
662 2267 856 2316 easdem
879 2277 1043 2331 partes
1067 2279 1232 2332 rectae,
1259 2271 1311 2317 in
1344 2286 1441 2333 qua
1471 2279 1711 2333 punctum
1733 2271 1854 2320 illud
1904 2327 1906 2329 ,

478 2344 692 2407 positum
712 2351 800 2402 est,
838 2359 942 2391 esse
975 2345 1185 2407 aequales
1221 2345 1410 2393 duobus
1445 2345 1636 2409 angulis
1669 2347 1850 2402 rectis3
1899 2380 1906 2384 η

479 2419 593 2481 quia
606 2426 741 2466 recta
763 2418 847 2466 illa
863 2418 1105 2468 ⁴diameter
1129 2420 1222 2468 erit
1247 2420 1431 2479 circuli,
1447 2437 1477 2468 a
1491 2421 1629 2484 eujus
1645 2420 1852 2468 circum-

476 2494 685 2542 ferentia
725 2494 973 2557 quantitas
1006 2495 1176 2558 anguli
1212 2495 1582 2554 determinatur,
1615 2495 1851 2544 diameter

477 2575 642 2616 autem
664 2568 981 2631 perimetrum
1004 2568 1056 2616 in
1079 2569 1198 2617 duas
1228 2576 1395 2632 partes
1421 2569 1597 2618 dividit
1621 2570 1847 2633 000110105.

550 2649 624 2691 11.
662 2643 713 2690 Si
759 2642 1048 2706 continge-ns
1092 2644 1180 2691 fiat
1226 2643 1462 2691 diameter
1502 2643 1671 2691 circuli
1710 2643 1849 2708 cujus

386 2707 459 2771 02¹5]
479 2725 702 2766 centrum
743 2717 808 2765 sit
847 2725 1084 2780 punctum
1125 2725 1402 2778 contactus,
1448 2726 1585 2767 recta
1618 2734 1645 2766 e
1680 2726 1847 2768 centro

416 2806 424 2814 ·
478 2793 646 2840 circuli
670 2792 846 2856 prioris
871 2793 934 2840 ad
957 2800 1179 2840 centrum
1210 2793 1498 2856 posterioris
1531 2793 1680 2841 ducta
1701 2793 1848 2842 faciet

477 2868 598 2916 duos
614 2868 818 2931 angulos
842 2883 954 2917 cum
983 2868 1301 2931 contingente
1338 2869 1455 2932 (hoo
1490 2876 1565 2917 est
1599 2884 1710 2917 cum
1743 2868 1846 2918 dia-
