1910 3256
335 226 407 260 DE
435 226 596 271 LUCE,
623 227 856 272 CALORE,
884 199 952 261 ΕΤ
977 227 1309 263 concinnus,
1427 218 1522 271 367

176 496 299 538 tem
320 489 638 555 intelligimus
672 508 774 539 non
808 508 986 555 corpus
1020 492 1221 556 aliquod
1255 509 1285 540 a
1318 484 1574 568 materiai}

99 565 463 615 combustlblh
497 566 576 615 vel
614 567 955 626 candescente,
990 574 1111 631 puta
1143 567 1296 631 lignO,
1330 538 1574 617 ferroveg

94 635 446 699 'distinctum3
483 642 605 691 sed
592 659 748 707 1psam
771 644 1043 703 materiam,
1063 659 1163 692 non
1189 643 1389 707 quidem
1409 645 1523 692 sim-

95 715 324 783 plicater
345 725 396 766 et
421 733 631 782 semper,
657 719 744 767 sed
765 726 884 767 tunc
914 719 1111 784 quando
1146 727 1197 767 et
1226 719 1454 783 splendet
1474 728 1523 768 et

90 786 370 842 falefoeit.
430 794 665 859 Quisquis
680 811 800 860 ergo
815 811 1012 844 causam
1026 795 1300 844 reddiderit
1314 796 1523 860 possibi-

88 863 226 919 >hm
248 869 534 934 caeterisque
561 872 897 935 phaenomenis
933 880 1333 931 consentaneam,
1358 889 1447 920 cur
1472 880 1522 921 et

94 943 104 970 ²
119 959 228 1009 qua
242 944 444 994 actione
465 952 730 1010 utrumque
753 947 897 995 simul
915 948 1019 1006 fiat,
1036 948 1294 1011 splendere
1319 956 1370 997 et
1395 949 1523 997 cale-

85 1019 306 1080 *ficerffi
329 1020 372 1069 is
393 1023 765 1085 generationem
787 1023 916 1088 ignis
946 1024 1231 1088 possibilem
1254 1025 1521 1089 explicasse

67 1093 88 1108 ”
123 1096 319 1147 oen-eri
342 1097 505 1147 debet.

94 1239 95 1242 Ἴ
168 1173 271 1222 ‘Sit
300 1189 419 1238 ergo
456 1174 529 1236 (in
556 1175 641 1239 fig.
677 1176 725 1239 l)
765 1176 957 1239 sphaera
996 1176 1075 1224 vel
1115 1176 1278 1239 portio
1316 1176 1521 1239 sphaerae

91 1246 95 1253 ’
123 1246 286 1308 ABG,
335 1250 476 1313 cujus
514 1258 741 1300 centrum
781 1252 856 1300 D:
895 1252 1056 1315 sitque
1094 1267 1152 1299 ea
1187 1251 1434 1316 pellucida
1468 1260 1519 1300 et

69 1342 81 1364 ·;
122 1322 446 1390 homogenea,
469 1333 528 1375 ut
559 1327 859 1391 crystallina,
889 1328 1062 1387 vitrea,
1099 1343 1272 1391 aquea,
1309 1328 1401 1376 soli
1435 1328 1521 1375 ob-

118 1399 267 1465 jecta.
338 1401 456 1450 Pars
480 1418 599 1466 ergo
619 1403 838 1451 anterior
861 1403 1020 1461 ABC,
1046 1420 1076 1451 a
1093 1403 1244 1451 radiis
1264 1403 1519 1462 solaribus,

89 1488 91 1490 ’
121 1475 177 1525 id
197 1483 290 1534 est,
310 1493 344 1525 a
365 1485 509 1526 motu
531 1478 646 1526 solis
670 1479 906 1543 simplice,
937 1495 1033 1542 quo
1068 1478 1287 1526 medium
1319 1486 1433 1527 ante
1467 1495 1518 1527 se

82 1560 84 1564 ’
121 1552 368 1617 propellit,
401 1553 660 1618 urgebitur
691 1554 744 1602 in
771 1554 920 1603 rectis
955 1555 996 1602 E
1014 1555 1075 1614 A,
1109 1556 1146 1603 F
1162 1555 1218 1614 B,
1256 1555 1298 1603 G
1317 1555 1371 1614 C,
1409 1571 1519 1618 quae

73 1653 82 1675 ;
121 1636 288 1689 rectae,
324 1638 556 1694 respectu
588 1647 782 1695 magnae
819 1647 850 1679 a
886 1631 1001 1679 solis
1039 1631 1305 1690 distantiae,
1346 1631 1519 1679 haberi

80 1716 103 1746 '-
120 1713 329 1770 possunt
361 1721 453 1770 pro
486 1706 747 1770 parallelis.
820 1707 1069 1755 Quoniam
1114 1714 1281 1754 autem
1323 1706 1519 1755 densius

121 1789 200 1830 est
220 1780 438 1829 medium
460 1781 593 1830 intra
616 1780 860 1845 sphaeram
885 1798 1032 1845 quam
1061 1790 1217 1839 extra,
1246 1781 1520 1846 refringen-

75 1869 86 1908 J
121 1863 207 1906 tur
247 1871 417 1905 versus
461 1856 909 1920 perpendiculares.
980 1857 1324 1905 Producantur
1368 1865 1518 1906 rectae

8 1924 10 1944 ³
121 1932 233 1990 EA,
256 1931 347 1981 GC
370 1931 528 1980 donec
548 1939 716 1980 secent
734 1932 977 1996 sphaeram
992 1933 1043 1980 in
1061 1933 1110 1980 H
1128 1940 1179 1980 et
1199 1933 1238 1992 I,
1259 1933 1518 1996 ductisque

8 1990 13 2089 ἑ
74 2022 84 2046 a
99 2072 101 2074 q
119 2007 609 2075 ‘perpendicularibus
633 2007 755 2067 AD,
780 2008 872 2056 CD
895 2024 1097 2056 necesse
1120 2009 1381 2056 estradios
1405 2009 1515 2068 EA,

8 2094 10 2109 ²
81 2131 83 2135 ,
121 2084 221 2134 GC
246 2084 484 2133 refractos
515 2083 708 2143 cadere,
737 2083 948 2132 alterum
985 2084 1185 2147 quidem
1219 2084 1349 2132 inter
1383 2084 1429 2131 A
1446 2084 1514 2143 H,

81 2160 168 2221 ffA
185 2161 247 2220 D,
278 2160 489 2208 alterum
512 2175 628 2208 vero
659 2159 790 2207 inter
823 2159 919 2218 CI,
953 2160 1068 2207 CD.
1141 2159 1252 2208 Sint
1286 2160 1357 2207 illi
1391 2159 1517 2207 radii

7 2226 13 2300 ξ
70 2250 71 2254 ’
119 2236 322 2286 refracti
361 2236 407 2286 A
422 2236 484 2295 K,
523 2236 562 2284 C
579 2236 635 2284 L.
706 2236 911 2294 Rursus,
960 2235 1122 2284 ductis
1163 2236 1228 2284 ad
1272 2237 1517 2300 sphaeram

120 2312 610 2379 perpendicularibus
635 2312 679 2359 D
697 2312 743 2359 K
759 2311 831 2370 M,
857 2311 1023 2371 DLN,
1050 2320 1100 2360 et
1122 2312 1375 2376 productis
1398 2313 1514 2371 AK,

6 2362 14 2455 1
67 2426 79 2435 ,
123 2388 165 2438 C
182 2390 224 2437 L
245 2388 311 2438 ad
332 2404 593 2437 occursum
621 2394 773 2436 rectae
809 2387 850 2434 B
868 2387 914 2435 D
943 2388 1199 2452 productae
1229 2388 1280 2436 in
1311 2389 1369 2447 O,
1396 2405 1516 2452 quo—

5 2456 15 2519 i}
67 2474 82 2507 εἲ
121 2466 256 2515 niam
300 2464 519 2513 medium
563 2464 698 2512 intra
738 2463 980 2527 sphaeram
1022 2464 1218 2512 densius
1257 2472 1332 2512 est
1370 2480 1517 2527 quam

82 2551 84 2554 ’
103 2551 280 2601 ‘exn-a,
305 2541 351 2589 A
366 2542 412 2589 K
436 2540 649 2590 refracta
671 2540 867 2603 longius
900 2540 1100 2588 recedet
1128 2557 1157 2588 a
1190 2540 1516 2604 perpendicu-

12 2606 17 2657 '⁴
78 2635 89 2660 ·-
121 2616 214 2667 hri
237 2618 283 2666 K
303 2617 359 2665 M
384 2633 533 2681 quam
555 2617 616 2665 ab
641 2616 813 2664 eadem
835 2617 1034 2664 recedet
1064 2617 1192 2672 KO;
1229 2616 1374 2664 cadet
1398 2633 1516 2680 ergo

8 2701 9 2704 ’
69 2703 99 2731 -·
123 2693 229 2742 ΚΟ
243 2693 377 2742 inter
398 2693 664 2741 refractam
688 2701 739 2740 et
757 2693 1232 2756 perpendicularem.
1304 2693 1379 2740 Sit
1397 2708 1515 2756 ergo

7 2763 13 2786 ³
47 2829 49 2836 A
121 2769 335 2818 refracta
353 2770 460 2830 KP,
481 2785 652 2818 secans
676 2769 772 2818 FO
796 2769 847 2817 111
869 2769 920 2817 P.
991 2769 1100 2818 Erit
1123 2776 1289 2818 autem
1312 2776 1516 2832 propter

107 311 299 396 lubet,
337 346 396 388 ut
435 339 730 388 sensibiliter
771 339 1026 389 calefaciat
1071 347 1124 389 et
1160 341 1304 389 simul
1344 341 1522 401 luceat,
1579 346 1701 424 ΡΑΙέξ
1710 346 1769 380 IV·

203 429 254 461 0
271 421 348 463 est
366 415 500 479 quod
517 416 744 477 generari
763 417 929 480 ignem
949 416 1171 465 dicimus.
1242 417 1370 464 Per
1357 434 1524 481 lgnem
1581 438 1770 460 κ-Ὺ--κ
1864 457 1872 475 ,

1595 483 1719 514 nei-atio

1611 537 1656 559 sa
1675 526 1752 559 8010.
