1910 3256
218 324 331 388 ΡΑξξῆ
360 324 417 355 IV·
467 319 597 365 inter
621 326 850 366 conatum
874 318 1023 382 ipsius
1044 319 1271 366 deorsum
1296 327 1346 366 et
1368 319 1693 367 resistentiam
1716 320 1842 382 ejus·
1878 360 1880 363 ,

225 370 412 435 »ss—-ae
469 393 580 440 dem
626 401 798 441 contra
842 394 966 441 aeris
1010 394 1430 456 penetrationem;
1481 394 1611 457 quod
1648 394 1843 457 quidem
1880 411 1890 435 ‘t

329 461 429 491 aedam

188 460 263 490 Alia
286 472 324 501 qu

188 514 193 520 ·
279 515 310 533 11v

187 514 275 543 drgm
302 514 339 534 en

344 510 373 534 {a

391 503 430 534 ad

470 201 561 242 344
1023 211 1276 244 PHYsmA.

469 468 791 530 aequilibrium
833 485 936 516 esse
977 469 1027 516 in
1064 469 1322 517 altitudine
1358 476 1421 518 26
1468 470 1723 518 unciarum
1757 477 1843 518 aut

187 556 450 595 vacuuynpqnen·
470 543 682 602 circiter,
707 544 783 591 vel
808 560 866 591 ex
890 544 984 591 hoc
1009 544 1343 607 experimento
1364 544 1676 592 manifestum
1697 545 1769 592 fit.

188 589 263 620 dum
282 600 314 620 ιιι

319 589 430 620 valida.

535 633 622 666 111.
657 619 1054 682 Experimentum
1104 619 1303 667 tertium
1348 628 1436 679 est,
1485 620 1617 683 quod
1660 620 1713 668 in
1757 636 1842 669 vas

469 693 570 741 solo
596 709 721 752 aere,
747 701 985 756 quantum
1008 694 1132 741 aeris
1159 701 1335 742 natura
1355 695 1554 757 patitur,
1589 695 1842 758 repletum,

467 775 657 816 tantum
681 777 846 817 tamen
870 769 1053 831 impelli
1075 777 1239 832 potest
1261 786 1415 832 aquae,
1449 777 1685 833 quantum
1711 770 1844 833 capit

468 844 684 906 ejusdem
729 844 855 892 vasis
897 844 1089 891 circiter
1134 844 1360 893 dodrans.
1446 845 1843 908 Experimentum
1909 843 1910 867 ³

468 927 631 983 autem
654 919 747 966 hoc
769 919 915 967 modo
939 919 1123 967 factum
1147 927 1236 967 est.
1306 919 1484 967 Phialae
1516 919 1699 979 vitreae,
1735 936 1843 983 quae

468 1002 842 1057 repraesentetur
880 995 953 1055 (in
982 996 1065 1058 fig.
1090 995 1142 1057 2)
1180 1011 1267 1058 per
1302 995 1540 1058 sphaeram
1573 995 1682 1054 FG,
1707 996 1844 1059 cujus

469 1078 690 1117 centrum
715 1078 787 1117 est
804 1070 864 1128 A,
888 1070 1179 1118 immittatur
1202 1071 1364 1118 fistula
1388 1071 1428 1118 B
1443 1071 1487 1118 A
1503 1071 1556 1129 C,
1586 1071 1655 1118 ita
1677 1077 1845 1133 aptata

467 1146 694 1193 foramini
739 1162 826 1208 per
872 1146 1005 1208 quod
1050 1147 1241 1204 transit,
1287 1154 1343 1194 ut
1387 1147 1547 1209 ipsum
1591 1145 1844 1208 adaequate

466 1221 697 1283 impleat;
740 1222 896 1283 sitque
937 1221 1172 1268 terminus
1210 1222 1312 1284 ejus
1350 1221 1390 1268 B
1427 1221 1478 1268 in
1514 1220 1666 1268 fundo
1701 1221 1843 1279 vasis,

466 1296 559 1342 nisi
595 1296 727 1359 quod
762 1297 904 1359 spatii
936 1303 1127 1344 tantum
1160 1297 1365 1356 intersit,
1403 1304 1460 1344 ut
1486 1312 1616 1360 aqua
1637 1311 1844 1359 superne

466 1371 682 1419 immissa
726 1372 877 1419 libere
919 1372 1049 1419 exire
1085 1372 1238 1435 possit
1277 1387 1365 1435 per
1402 1371 1458 1419 B.
1551 1371 1626 1419 Sit
1668 1370 1845 1418 fistulae
1879 1373 1889 1380 ”

467 1447 750 1509 operculum
773 1447 825 1494 in
848 1448 909 1505 D,
945 1447 1078 1509 quod
1111 1464 1251 1510 aquae
1286 1447 1337 1494 in
1372 1447 1531 1510 ipsum
1564 1446 1844 1494 ascendenti
1908 1493 1910 1495 ,

466 1522 651 1568 exitum
686 1522 901 1584 praebeat
934 1537 1021 1584 per
1051 1523 1107 1569 E.
1176 1521 1498 1584 Epistomium
1532 1528 1695 1569 autem
1723 1521 1771 1568 H
1789 1520 1843 1579 C,

466 1596 598 1644 intra
628 1596 839 1644 fistulam
873 1596 1189 1659 perforatum,
1220 1596 1482 1644 transitum
1505 1612 1643 1660 aquae
1666 1612 1696 1644 a
1719 1596 1759 1643 B
1782 1595 1846 1644 ad
1883 1645 1887 1647 Α

466 1672 510 1718 D
536 1672 730 1719 claudat
753 1672 831 1719 vel
853 1672 1053 1734 aperiat,
1077 1679 1222 1734 prout
1246 1687 1366 1734 opus
1388 1671 1552 1719 fuerit.
1613 1671 1844 1719 Detracto

467 1747 695 1810 operculo
733 1748 777 1794 D
801 1747 840 1793 E
881 1746 1156 1809 impellatur
1192 1761 1318 1808 aqua
1356 1762 1444 1809 per
1479 1745 1707 1805 fistulam,
1754 1761 1866 1809 ope·

466 1822 699 1885 siphonis,
756 1829 987 1884 quantam
1026 1821 1164 1884 sipho
1206 1821 1352 1883 capit,
1399 1821 1450 1868 in
1490 1821 1845 1869 concavitatem

466 1897 620 1951 vasis3
658 1896 833 1943 deinde
865 1896 1027 1943 clauso
1059 1896 1301 1958 epistomii
1339 1895 1593 1954 foramine,
1629 1912 1692 1943 ne
1728 1895 1846 1959 quid
1889 1924 1891 1926 ·

466 1973 590 2020 aeris
614 1988 701 2035 per
730 1988 838 2019 eam
861 1972 990 2020 viam
1023 1971 1315 2034 egrediatur,
1351 1971 1490 2034 sipho
1524 1986 1690 2018 rursus
1720 1987 1846 2034 aqua

464 2048 739 2110 impleatur,
770 2054 818 2095 et
840 2063 1005 2094 rursus
1030 2054 1198 2109 aperto
1230 2046 1472 2108 epistomii
1501 2045 1753 2104 foramine,
1788 2061 1846 2094 ea

466 2140 594 2186 aqua
611 2123 662 2170 in
678 2123 804 2170 vasis
821 2122 1174 2170 concavitatem
1194 2137 1282 2184 per
1298 2121 1354 2179 Β,
1370 2128 1426 2169 ut
1439 2128 1570 2180 ante,
1586 2120 1842 2184 injiciatur.

466 2199 628 2261 Atque
647 2198 815 2246 eadem
835 2197 1052 2260 operatio
1070 2204 1318 2260 repetatur
1333 2196 1520 2259 quoties
1537 2196 1671 2254 libet,
1687 2211 1844 2244 assur-

466 2280 646 2336 gatque
670 2289 811 2337 aqua,
830 2273 967 2320 verbi
989 2272 1164 2336 gratia,
1183 2287 1336 2335 usque
1354 2271 1417 2319 ad
1440 2271 1482 2319 G
1496 2272 1548 2318 F.
1594 2271 1843 2319 Postremo

466 2348 696 2411 imposito
722 2348 950 2410 operculo
974 2355 1023 2394 et
1047 2354 1216 2410 aperto
1233 2347 1468 2394 foramine
1491 2346 1543 2394 in
1567 2346 1615 2393 H
1633 2346 1688 2405 C,
1710 2345 1844 2393 vide-

465 2424 624 2470 bimus
643 2439 820 2485 aquam
837 2421 1068 2469 velociter
1087 2437 1339 2484 erumpere
1356 2437 1443 2485 per
1461 2422 1518 2480 E,
1533 2428 1582 2468 et
1596 2420 1844 2478 subsidere

464 2498 699 2561 paulatim
744 2498 805 2545 ab
846 2498 884 2544 F
898 2497 955 2555 G,
996 2513 1149 2559 usque
1192 2497 1256 2544 ad
1288 2497 1343 2544 Β.
1435 2497 1606 2560 Itaque
1643 2496 1704 2543 ab
1747 2495 1841 2544 hoc

464 2574 786 2636 phaenomeno
823 2572 887 2620 ad
925 2572 1264 2620 necessitatem
1300 2571 1441 2619 vacui
1485 2571 1553 2618 sic
1598 2577 1839 2633 arguunt:

465 2664 549 2695 vas
597 2655 701 2695 erat
745 2648 806 2695 ab
852 2647 990 2695 initio
1037 2663 1147 2694 aere
1192 2647 1428 2710 plenum:
1484 2646 1712 2709 injectam
1754 2659 1842 2708 per

465 2724 682 2771 fistulam
717 2739 894 2786 aquarn
922 2739 1020 2770 non
1054 2722 1215 2785 potuit
1245 2737 1328 2768 aer
1361 2737 1449 2784 per
1479 2727 1634 2768 totam
1668 2719 1841 2767 fistulae

466 2798 821 2861 longitudinem
852 2797 1151 2860 penetrando
1176 2797 1323 2856 exire,
1356 2812 1514 2861 neque
1539 2795 1693 2855 exitus
1715 2794 1850 2854 ullus*
