1910 3256
212 346 326 378 PARS
348 346 404 378 IV.

282 391 334 421 29.

205 651 307 680 Sonus
321 659 424 690 aequa-

207 693 279 724 bilis
289 698 320 723 et
327 693 356 723 di
362 698 447 724 utur-

206 746 277 774 nuS,
291 736 385 767 unde.

457 221 551 265 402
1013 234 1265 268 PHYSch.

458 358 484 389 e
507 342 739 390 cathedra
760 343 1019 406 profertur,
1036 345 1124 391 etsi
1148 344 1408 392 cameratio
1432 359 1588 407 neque
1612 343 1824 406 elliptica

457 433 614 480 neque
657 419 934 481 parabolica
979 420 1056 478 sit,
1103 428 1267 467 tamen
1308 420 1421 482 quia
1460 436 1489 467 a
1532 419 1618 467 tali
1667 420 1825 482 figura

459 509 559 540 non
603 493 744 556 longe
801 494 952 551 abest,
1011 510 1110 542 non
1161 503 1262 542 tam
1322 495 1615 542 articulatim
1679 510 1824 557 quam

461 555 640 631 absque
682 569 1004 618 cameratione
1046 570 1298 618 sentietur.

529 649 572 690 8.
609 644 749 691 Circa
772 660 1001 692 sonorum
1025 645 1403 707 aequabilitatem
1434 652 1484 693 et
1507 644 1825 702 durationem,

463 735 667 781 quarum
691 735 835 766 causa
858 722 1126 768 communis
1157 727 1244 779 est,
1270 721 1525 767 observare
1556 734 1826 782 possumus,

463 794 593 857 quod
625 810 830 856 corpora
861 794 957 852 illa,
996 810 1103 858 quae
1141 810 1368 857 percussa
1408 811 1580 842 sonum
1607 794 1829 856 *inaequa-

460 870 607 917 bilem
623 885 707 916 seu
722 885 945 931 asperum
964 870 1188 928 reddunt,
1205 877 1316 917 sunt
1333 869 1472 917 valde
1488 870 1828 932 heterogenea,

464 945 516 992 id
555 951 643 1000 est,
677 960 735 991 ex
774 945 1021 1006 particulis
1059 944 1334 992 constantia
1368 952 1473 991 tum
1507 945 1680 1007 figura,
1725 951 1831 991 tum

465 1019 639 1067 duritie
663 1018 1002 1074 dissimilibus3
1039 1019 1200 1081 qualia
1222 1026 1335 1066 sunt
1365 1019 1512 1082 ligna,
1548 1035 1678 1078 saxa,
1714 1018 1831 1066 alia-

466 1109 559 1156 que
593 1109 693 1140 non
730 1110 900 1156 pauca.
978 1095 1166 1157 Itaque,
1205 1095 1399 1158 quando
1441 1103 1553 1143 sunt
1587 1111 1830 1159 percussa,

466 1185 634 1217 eorum
671 1169 922 1231 particulae
957 1170 1145 1217 interne
1181 1172 1526 1219 concutiuntur
1562 1171 1758 1235 quidem
1785 1178 1834 1218 et

466 1260 631 1292 rursus
657 1260 707 1291 se
739 1245 1030 1300 restituunt;
1066 1254 1254 1294 motum
1286 1254 1450 1294 autem
1483 1263 1581 1294 non
1615 1246 1834 1294 similiter

467 1319 719 1382 recipiunt,
739 1336 897 1382 neque
920 1320 971 1367 in
995 1337 1045 1367 se
1063 1321 1269 1368 invicem
1294 1321 1464 1368 eodem
1482 1321 1628 1369 modo
1652 1329 1833 1385 agunt3

470 1395 555 1442 sed
578 1395 693 1442 dum
716 1395 822 1442 aliae
846 1396 906 1442 ab
930 1395 1031 1443 ictu
1054 1396 1289 1454 resiliunt,
1314 1397 1434 1455 aliae,
1460 1414 1567 1460 quae
1596 1399 1699 1460 jam
1721 1405 1835 1444 ante

470 1470 770 1528 resiluerant,
816 1471 1036 1530 redeunt,
1079 1480 1128 1519 et
1172 1473 1374 1535 proinde
1419 1489 1469 1520 se
1513 1484 1684 1520 mutuo
1730 1472 1836 1520 aliae

470 1546 586 1593 alias
610 1546 748 1592 aliter
775 1546 967 1594 sistunt.
1037 1547 1290 1610 Contingit
1322 1547 1436 1594 hinc
1469 1563 1569 1595 non
1602 1547 1747 1595 modo
1781 1554 1838 1593 ut

470 1629 632 1668 motus
674 1622 759 1668 fiat
803 1622 1103 1685 inaequabilis
1139 1623 1238 1670 sive
1275 1638 1430 1685 asper,
1473 1623 1558 1670 sed
1593 1623 1740 1670 etiam
1783 1628 1839 1668 ut

471 1697 791 1758 reciprocatio
815 1697 898 1743 illa
920 1697 1126 1744 itionum
1151 1705 1200 1745 et
1232 1697 1526 1745 reditionum
1561 1698 1659 1746 cito
1684 1697 1840 1745 extin-

471 1779 663 1834 guatur.
758 1772 964 1823 Quando
1022 1789 1136 1835 ergo
1193 1780 1354 1820 motus
1408 1774 1500 1820 iste
1555 1773 1619 1820 ad
1673 1789 1839 1820 aurem

472 1853 783 1909 propagatur,
808 1862 953 1893 sonus
978 1847 1139 1905 etiam,
1167 1848 1280 1894 inde
1303 1855 1576 1910 generatus,
1612 1855 1660 1895 et
1681 1848 1840 1895 brevis

475 1921 567 1968 erit
590 1928 638 1967 et
660 1921 978 1982 inaequabilis.
1047 1922 1244 1980 Contra,
1280 1922 1319 1969 si
1354 1939 1527 1986 corpus
1559 1939 1840 1986 percussum

474 2011 575 2043 non
597 1995 742 2042 modo
766 1996 882 2042 satis
907 1995 1080 2043 durum
1104 1997 1181 2055 sit,
1217 1998 1302 2044 sed
1333 1998 1478 2045 etiam
1509 1999 1758 2061 particulae
1781 2014 1842 2046 ex

477 2072 648 2134 quibus
691 2079 885 2118 constat
928 2079 1032 2118 tum
1070 2072 1261 2131 duritie,
1307 2080 1410 2120 tum
1442 2074 1599 2136 figura
1631 2074 1759 2121 inter
1791 2089 1842 2120 se

478 2146 575 2194 sint
616 2145 809 2203 similes,
840 2153 896 2193 ut
928 2147 985 2193 fit
1018 2147 1068 2194 in
1091 2147 1218 2195 vitro
1254 2154 1303 2195 et
1342 2148 1550 2196 metallis
1587 2165 1696 2212 quae
1730 2156 1843 2212 post

476 2221 867 2284 liquefactionem
884 2221 1158 2278 induruere,
1174 2239 1319 2271 sonus
1333 2224 1433 2282 fiet,
1448 2231 1650 2287 propter
1668 2224 1843 2271 itiones

479 2304 529 2344 et
567 2297 845 2344 reditiones
872 2297 1050 2345 similes
1087 2306 1137 2345 et
1172 2299 1454 2357 uniformes,
1501 2298 1749 2362 aequabilis
1794 2306 1844 2346 et

480 2388 726 2426 amoenus;
762 2373 984 2435 idemque
1011 2390 1099 2436 pro
1130 2374 1464 2437 magnitudine
1499 2374 1714 2438 corporis
1735 2389 1844 2437 per-

481 2447 606 2494 cussi
628 2447 779 2509 magis
802 2447 1018 2494 minusve
1043 2448 1316 2496 diuturnus·
1370 2449 1533 2497 Quare
1557 2449 1662 2497 soni
1684 2465 1845 2512 aequa-
1907 2458 1910 2459 ’

481 2523 590 2570 bilis
625 2529 675 2569 et
710 2523 882 2585 asperi,
924 2523 1084 2570 brevis
1122 2530 1170 2571 et
1211 2524 1385 2571 diutini
1422 2541 1566 2572 causa
1602 2524 1844 2588 possibilis

480 2613 580 2644 una
617 2596 881 2660 eademque
919 2613 1020 2644 esse
1058 2606 1236 2660 potest,
1279 2599 1495 2661 corporis
1529 2615 1700 2647 sonum
1734 2599 1844 2648 red-

484 2671 641 2719 dentis
685 2672 898 2734 partium
942 2672 1242 2720 internarum
1287 2681 1392 2720 tum
1438 2674 1599 2737 quoad
1640 2675 1845 2737 figuram

483 2754 589 2793 tum
612 2746 772 2809 quoad
795 2747 1022 2794 duritiem
1045 2747 1307 2795 similitudo
1331 2756 1381 2796 et
1403 2748 1755 2796 dissimilitudo.

549 2821 802 2880 Praeterea,
823 2822 862 2869 si
884 2821 1064 2869 fuerint
1088 2822 1183 2870 duo
1208 2839 1412 2885 corpora
1427 2823 1572 2886 plana
1594 2839 1654 2871 ex
1676 2824 1857 2872 eadem·
