1910 3256
353 235 424 269 DE
453 235 740 270 Uvamiso
769 236 835 269 ET
858 231 1192 270 SYDEmBUs.
1379 226 1475 270 349

82 350 226 397 inm
264 362 429 396 annuo
468 363 558 412 per
598 348 875 412 eclipticam
916 347 969 396 in
1011 347 1264 410 signorum
1304 363 1477 395 conse-
1531 353 1654 430 ΡΑΙὲἒ
1673 354 1726 386 W

132 422 288 472 entia
332 422 464 471 circa
508 423 678 482 solem,
730 434 780 471 et
826 423 974 471 tertio
1021 422 1241 486 ejusdem
1288 423 1477 471 telluris
1547 444 1714 467 »Ὕ-κ

163 513 250 546 ua
271 513 419 562 super
443 505 667 546 centrum
689 498 944 562 proprium
979 497 1327 546 revolutione
1316 514 1363 546 111
1391 515 1477 547 an·
1494 497 1670 578 ἓξαὲξξξξζ
1663 535 1689 566 is

75 570 381 632 fvcedentia,
419 573 771 622 demonstravit
805 582 920 638 post
963 574 1308 638 Copernicum,
1346 575 1478 638 Kep-
1496 581 1707 622 planetarum·

66 665 87 672 ¹
116 665 231 707 rus,
285 649 528 709 Galilaeus,
582 650 777 713 aliique.
850 650 1181 714 Supponimus
1226 665 1318 698 nos
1365 666 1479 698 cum

74 732 124 766 A}
137 747 147 765 a
172 725 360 774 rnico
403 725 763 774 revolutionem
808 725 1036 773 diurnam
1080 735 1110 773 a
1150 732 1289 773 motu
1333 732 1480 774 terrae

66 828 86 856 ·.
110 817 194 850 me
225 817 325 864 quo
362 800 656 850 describitur
692 801 825 849 circa
855 807 1040 849 terram
1076 801 1287 849 circulus
1329 801 1480 864 aequi-

74 875 327 931 modalis.
363 876 533 924 Motus
548 884 714 925 autem
729 876 827 924 duo
843 876 1025 935 caeteri,
1040 883 1250 940 uterque
1266 893 1478 936 annuus,

69 952 305 1017 sufficiunt
325 959 384 1000 ut
406 959 540 1000 terra
562 952 612 1000 in
639 952 867 1016 ecliptica
890 952 962 1000 ita
995 952 1389 1012 circumferatur,
1424 960 1482 1001 ut

50 1026 196 1100 Δ11115
231 1035 379 1076 terrae
418 1043 612 1092 semper
652 1028 746 1076 sibi
794 1035 1023 1077 teneatur
1063 1028 1358 1093 parallelus;
1396 1029 1482 1093 qui

83 1103 437 1171 parallelismus
461 1103 524 1152 ob
565 1119 674 1151 eam
709 1119 814 1151 rem
852 1103 1166 1164 introductus
1204 1113 1295 1164 est,
1332 1121 1396 1153 ne
1420 1121 1481 1153 ex

62 1178 276 1229 stellaris
316 1178 623 1227 revolutione
646 1195 826 1238 annua,
862 1179 1013 1228 etiam
1045 1181 1148 1244 poli
1183 1182 1287 1245 ejus
1309 1197 1481 1230 neces-

13 1291 26 1299 «
55 1291 57 1293 ·
86 1255 233 1318 eoric,
258 1262 435 1304 contra
457 1255 825 1319 experientiam,
850 1255 982 1304 circa
1004 1257 1158 1305 solem
1177 1257 1480 1306 circumferri

48 1353 60 1364 «
86 1322 402 1380 viderentur.
457 1330 564 1379 Nos
600 1339 768 1380 autem
809 1348 870 1380 ex
907 1333 1162 1396 supposito
1197 1341 1340 1382 motu
1363 1333 1480 1382 solis

53 1439 63 1450 .
84 1406 317 1457 mrculari
340 1406 578 1470 simplice,
614 1407 721 1455 fore
759 1407 1217 1469 demonstravimus,
1242 1426 1347 1473 cap.
1373 1425 1479 1458 XXI.

52 1476 65 1505 ³
83 1491 182 1532 art.
204 1488 279 1542 10,
317 1493 376 1530 ut
398 1490 532 1531 terra
554 1483 626 1532 ita
647 1491 902 1532 moveatur
925 1484 1057 1533 circa
1079 1485 1248 1544 solem,
1284 1492 1341 1533 ut
1376 1485 1480 1533 axis

89 1560 194 1623 ejus
217 1573 410 1622 semper
447 1558 542 1606 sibi
569 1566 798 1607 teneatur
832 1560 1108 1623 parallelus,
1178 1561 1252 1609 Ex
1288 1561 1479 1610 duobus

44 1627 59 1702 ἦ4
87 1634 243 1698 igitur
274 1634 539 1698 suppositis
579 1635 631 1682 in
669 1634 772 1683 sole
795 1635 1024 1695 motibus,
1062 1636 1216 1685 altero
1255 1637 1482 1686 circulari

50 1702 52 1707 ¹
87 1709 328 1774 simplice,
352 1709 509 1758 altero
535 1710 763 1758 circulari
786 1710 918 1759 circa
952 1720 1177 1760 centrum
1210 1713 1480 1777 proprium,

48 1834 59 1850 ⁴,
90 1785 419 1836 demonstrari
462 1793 670 1849 possunt
715 1786 901 1834 eaedem
940 1788 1058 1835 anni
1104 1788 1390 1852 dierumque
1432 1797 1483 1838 et

52 1862 312 1919 1.·.noctium
333 1861 614 1919 varietates,
649 1879 758 1926 quae
782 1879 810 1911 a
836 1863 1109 1927 Copernico
1134 1864 1483 1914 demonstratae

56 1951 57 1954 ’
90 1945 221 1987 sunt.
304 1938 503 1986 Etenim
539 1938 581 1986 si
626 1939 698 2001 (in
734 1939 819 2003 fig.
858 1940 909 2003 3)
952 1940 1163 1988 circulus
1206 1958 1238 1989 a
1259 1941 1383 1989 bed
1421 1941 1485 1990 sit

85 2013 334 2078 ecliptica,
372 2013 512 2077 cujus
552 2021 777 2062 centrum
802 2031 845 2074 e,
888 2015 1125 2063 diameter
1166 2033 1198 2064 ιι
1217 2034 1244 2064 e
1264 2034 1306 2076 c,
1349 2025 1485 2066 terra

2 2148 3 2151 Ἴ
54 2119 60 2156 ;
93 2089 146 2139 in
192 2106 254 2145 a;
314 2089 387 2138 sol
433 2096 597 2138 autem
641 2098 899 2138 moveatur
943 2092 995 2139 111
1041 2092 1237 2140 circello
1265 2093 1370 2158 fg
1389 2093 1422 2140 Ιι
1445 2093 1480 2152 i,

46 2207 47 2211 ,
90 2181 269 2229 nempe
289 2180 378 2228 per
381 2164 440 2229 f,
461 2181 519 2230 g,
544 2165 592 2224 h,
618 2165 663 2213 i:
702 2165 1094 2215 demonstratum
1118 2175 1192 2216 est
1217 2169 1352 2232 quod
1374 2185 1482 2217 cor-

56 2251 59 2278 ῑ
85 2257 185 2306 spus
220 2240 436 2305 positum
472 2241 524 2288 111
564 2258 613 2300 a,
656 2242 934 2290 movebitur
976 2243 1150 2292 eodem
1190 2245 1362 2293 ordine
1396 2261 1486 2309 per

3 2375 5 2378 v
28 2334 54 2381 ᾗ,
93 2327 283 2384 puncta
304 2317 543 2381 eclipticae
567 2334 615 2376 a,
642 2317 686 2376 b,
712 2335 755 2378 c,
781 2319 831 2378 d,
867 2335 1104 2383 axemque
1129 2336 1271 2368 suum
1294 2336 1486 2384 semper

50 2395 55 2450 ',
93 2392 399 2443 sibitenebit
420 2393 722 2456 parallelum.

57 2475 59 2478 ⁴
92 2494 114 2508 w
162 2468 312 2519 Quod
335 2468 391 2528 si,
414 2476 472 2516 ut
495 2469 854 2533 supposuimus,
877 2470 1026 2519 etiam
1049 2479 1183 2520 terra
1205 2480 1486 2521 moveretur

43 2602 47 2613 Ι
93 2553 236 2594 motu
271 2544 497 2593 circulari
532 2546 751 2609 simplice
786 2546 837 2595 in
869 2547 1017 2610 plano
1062 2564 1151 2611 per
1196 2565 1244 2608 a,
1290 2556 1485 2597 secante

5 2645 8 2648 ⁴
65 2650 74 2675 ,-
93 2620 297 2686 planum
319 2620 574 2684 eclipticae,
599 2622 670 2670 ita
690 2630 747 2670 ut
770 2625 1041 2672 communis
1061 2624 1212 2673 sectio
1231 2625 1484 2689 utriusque

0 2695 2 2706 ²
40 2719 59 2753 μ
95 2696 230 2762 plani
253 2696 394 2745 sitin
431 2713 463 2744 α
479 2714 538 2753 ε;
576 2698 722 2748 etiam
766 2699 836 2747 sic
871 2699 1059 2747 telluris
1097 2701 1200 2748 axis
1235 2701 1486 2750 tenebitur

0 2832 2 2835 Ι
32 2811 39 2830 ,2
52 2781 64 2835 J
91 2787 289 2836 *semper
311 2771 404 2820 sibi
426 2773 699 2836 parallelus.
770 2775 1031 2823 Moveatur
1054 2776 1185 2824 enim
1210 2784 1354 2826 terrae
1370 2793 1485 2826 cen-

15 2858 18 2860 ’
87 2854 229 2897 ,trum
265 2847 316 2896 in
363 2847 758 2897 circumferentia
803 2850 1024 2914 epicycli,
1073 2853 1210 2915 cujus
1249 2852 1486 2902 diameter
