1936 3262
262 375 377 407 PARS
402 376 431 409 1.

332 420 362 450 6.

227 509 441 542 Definitiones

227 553 311 584 solas
328 565 396 585 esse

484 247 544 299 72
799 262 1146 296 οοΜΡυΤΑΤΙο
1176 264 1298 299 SlvE
1327 264 1539 299 LOGICA.

482 372 590 419 fieri
647 379 811 435 potest
866 374 1163 434 brevissima,
1223 392 1390 423 earum
1434 391 1598 423 rerum
1647 379 1889 439 quarum'f}

484 446 567 494 illa
613 448 812 496 nomina
848 456 977 506 sunt,
1031 450 1172 497 clarae
1217 457 1268 498 et
1302 450 1532 514 perfectae
1572 449 1710 510 ideae,
1750 452 1850 500 sive
1887 469 1889 472 ⁴

485 531 750 585 conceptus
782 524 833 571 in
870 524 1031 572 animo
1055 525 1296 572 audientis
1329 525 1618 573 excitentur.
1688 525 1852 575 Veluti
1863 523 1872 569 s

227 597 458 636 pr0p0⁸iti0²¹⁴³⁸
488 597 528 644 si
586 606 775 645 motum
841 599 1125 647 definiamus
1187 616 1291 648 esse
1359 601 1455 648 loci
1504 600 1649 648 unius
1715 600 1852 649 dere-

223 640 342 680 primas

225 682 430 714 universales.

486 672 751 731 lictionem,
798 681 848 721 et
894 675 1092 723 alterius
1138 676 1509 738 acquisitionem
1555 675 1868 726 continuam„

487 747 615 794 Nam
638 749 731 795 etsi
753 765 910 812 neque
933 766 1132 798 movens
1156 751 1308 798 ullum
1330 766 1488 813 neque
1513 766 1659 798 causa
1691 758 1902 803 motus

485 821 537 869 in
584 821 866 871 definitione
912 824 995 872 illa
1039 825 1324 887 reperiatur,
1374 832 1538 872 tamen
1583 840 1642 872 ex
1688 816 1896 879 auditas*

487 897 709 945 oratione
739 899 835 957 illa,
873 900 983 947 idea
1005 907 1167 947 motus
1191 900 1353 947 animo
1378 900 1495 948 satis
1519 900 1647 948 clare
1683 900 1852 948 obver-
1872 907 1878 931 ὲ

487 973 688 1020 sabitur.
791 974 1004 1022 Nomina
1054 982 1218 1023 autem
1275 991 1438 1023 rerum
1491 991 1599 1038 quae
1660 971 1889 1026 causam'3³‡.

485 1049 665 1095 habere
700 1065 843 1111 posse
879 1050 1235 1113 intelliguntur,
1271 1050 1323 1097 in
1355 1050 1638 1098 definitione
1673 1049 1853 1098 habere
1871 1098 1906 1120 ῃ

488 1124 669 1171 debent
709 1124 864 1186 ipsam
905 1141 1100 1172 causam
1139 1125 1239 1173 sive
1274 1125 1473 1173 modum
1509 1119 1900 1188 generationissss·

486 1199 638 1247 veluti
661 1215 772 1246 cum
796 1200 1030 1248 circulum
1054 1201 1309 1247 definimus
1329 1216 1433 1247 esse
1455 1201 1662 1263 figuram
1690 1207 1856 1248 natam

488 1289 546 1321 ex
563 1274 930 1322 circumlatione
948 1275 1088 1322 lineae
1112 1283 1259 1322 rectae
1274 1275 1326 1322 in
1339 1275 1502 1338 plano,
1524 1275 1606 1322 &c.
1674 1275 1856 1322 Praeter

490 1885 643 1940 quuta
666 1885 794 1925 sunt.
863 1877 1052 1924 Deinde
1070 1893 1127 1924 ea
1142 1893 1250 1939 quae
1268 1876 1516 1939 postulata
1533 1883 1583 1923 et
1595 1876 1857 1939 petitiones

490 1953 812 2015 appellantur,
854 1951 1094 2014 principia
1134 1951 1329 2014 quidem
1369 1965 1539 1998 revera
1583 1958 1712 2010 sunt,
1757 1967 1858 1999 non
1894 1954 1906 1996 2²?

487 1349 811 1408 definitiones,
851 1349 946 1397 alia
982 1350 1251 1412 propositio
1288 1350 1422 1397 nulla
1462 1349 1669 1398 dicenda
1700 1343 1902 1419 prima}

488 1432 578 1483 est,
618 1441 777 1488 neque
814 1441 930 1488 ergo
968 1425 1009 1472 si
1039 1426 1184 1488 paulo
1223 1425 1436 1472 severius
1459 1440 1604 1488 agere
1634 1424 1856 1473 volumus
1886 1423 1913 1483 fs

488 1501 540 1548 in
583 1515 840 1548 numerum
874 1501 1227 1564 principiorum
1267 1500 1555 1549 ascribenda
1590 1509 1694 1556 est;
1742 1517 1869 1548 nam:

489 1576 731 1623 axiomata
788 1592 896 1638 quae
947 1576 1191 1623 habentur
1236 1576 1366 1639 apud
1416 1575 1684 1634 Euclidem,
1743 1576 1857 1638 quia
1883 1583 1916 1636 ῥ’.

490 1652 814 1699 demonstrari
843 1659 1064 1714 possunt,
1098 1652 1339 1714 principia
1369 1651 1737 1699 demonstrandi
1757 1667 1857 1699 non

490 1735 619 1785 sunt,
657 1743 949 1790 quamquam
973 1727 1087 1789 quia
1110 1726 1527 1774 demonstratione
1559 1742 1660 1774 non
1693 1734 1855 1789 egent,
1908 1743 1913 1750 ⁵

490 1802 706 1849 omnium
727 1818 967 1849 consensu
984 1802 1337 1865 principiorum
1354 1801 1705 1849 authoritatem
1728 1818 1857 1849 asse·
1883 1818 1893 1827 ⁷·
1908 1816 1922 1829 ⁹²

1886 1840 1904 1953 isses&
1883 1771 1899 1812 ⁴⁷²
1886 1692 1908 1732 .,:
1885 1642 1890 1654 ‘

490 2035 654 2074 tamen
680 2026 1125 2084 demonstrationis,
1151 2025 1237 2073 sed
1261 2025 1656 2084 constructionis,
1692 2025 1745 2073 id
1767 2033 1856 2084 est,
1882 2027 1906 2061 τέ
1935 2042 1936 2046 ’

490 2117 592 2149 11011
623 2101 854 2160 scientiae,
880 2101 966 2148 sed
1000 2100 1263 2164 potentiae;
1301 2100 1400 2148 sive
1438 2099 1569 2161 quod
1602 2100 1732 2148 idem
1767 2108 1856 2159 est,

491 2193 592 2225 non
633 2177 1005 2234 theorematum,
1053 2192 1160 2238 quae
1206 2182 1320 2222 sunt
1361 2175 1730 2238 speculationes,
1773 2175 1857 2224 sed

1892 2073 1911 2138 0]ae

490 2252 862 2315 problematum,
913 2267 1020 2314 quae
1065 2251 1127 2298 ad
1171 2250 1360 2313 praxim
1400 2257 1450 2297 et
1495 2266 1616 2313 opus
1661 2250 1857 2314 aliquod
1903 2279 1911 2307 :⁴

490 2326 768 2375 faciendum
811 2327 1074 2390 pertinent.
1178 2326 1267 2373 Illa
1310 2341 1425 2373 vero
1469 2333 1668 2388 recepta
1710 2326 1855 2389 vulgo
1890 2340 1910 2397 35

494 2403 739 2466 dogmata,
777 2402 937 2465 qualia
974 2409 1104 2455 sunt,
1141 2401 1347 2447 Natura
1381 2400 1616 2447 abhorret
1640 2417 1854 2458 vacuum,

492 2479 697 2526 Natura
720 2477 847 2524 nihil
862 2476 1079 2539 frustra
1095 2476 1258 2539 facit,
1293 2483 1343 2522 et
1367 2475 1555 2532 similia,
1591 2492 1748 2538 neque
1770 2491 1856 2539 per

493 2568 545 2600 se
602 2552 814 2616 cognita,
872 2567 1029 2614 neque
1087 2551 1280 2598 aliunde
1339 2550 1751 2607 demonstrabilia,
1807 2558 1856 2598 et
1908 2564 1912 2570 ⁴

495 2629 669 2690 saepius
702 2627 824 2675 falsa
847 2643 991 2690 quam
1013 2642 1128 2673 vera
1150 2626 1303 2673 multo
1319 2626 1479 2673 minus
1498 2642 1587 2689 pro
1605 2625 1856 2689 principiis

492 2703 717 2753 habenda
747 2709 875 2750 sunt.

561 2778 657 2825 Sed
678 2786 734 2825 ut
766 2785 982 2826 revertar
1005 2776 1067 2824 ad
1099 2775 1422 2834 definitiones,
1452 2776 1578 2824 ratio
1603 2791 1751 2838 quare
1775 2775 1855 2822 illa
1886 2755 1891 2757 Δ
