1936 3262
259 495 325 549 T.
370 495 681 549 HOBBES
736 493 1498 548 MALMESBURIENSIS

752 696 1003 761 VITA.

161 1067 359 1111 THOMAs
381 1067 582 1119 HOBBES,
605 1078 728 1110 natus
751 1067 909 1124 Aprilis
931 1070 970 1117 5,
1008 1069 1130 1117 1588,
1165 1067 1498 1119 Malmesburiae,
1529 1068 1621 1126 agri

163 1159 458 1202 Wiltoniensis.
542 1159 696 1202 Literis
739 1159 903 1201 Latinis
943 1168 987 1200 et
1028 1159 1190 1201 Graeeis
1223 1159 1424 1210 initiatus,
1461 1174 1621 1201 annum

161 1267 290 1310 agens
309 1235 519 1296 decimum
540 1262 753 1310 quartum,
776 1252 924 1294 missus
944 1261 1007 1293 est
1028 1251 1262 1303 Oxonium,
1295 1252 1369 1294 ubi
1395 1267 1471 1308 per
1500 1252 1623 1309 quin-

163 1345 398 1403 quennium
417 1345 583 1396 mansit,
597 1359 767 1402 operam
787 1343 1036 1400 impendens
1053 1343 1192 1386 studio
1212 1344 1358 1401 logicae
1379 1354 1422 1386 et
1441 1344 1624 1401 physicae

167 1435 458 1479 Aristotelicae.
520 1436 630 1479 Cum
659 1450 819 1478 annum
849 1445 994 1492 ageret
1020 1435 1277 1486 vicesimum,
1309 1435 1626 1477 commendatus

165 1528 220 1570 ab
258 1527 414 1578 amicis,
457 1526 626 1570 Oxonio
666 1527 827 1577 relicto,
871 1509 1030 1583 recepit
1068 1541 1112 1568 se
1151 1526 1195 1567 in
1236 1526 1410 1568 domum
1451 1526 1627 1568 Domini

168 1618 371 1662 Gulielmi
393 1619 646 1670 Cavendish,
680 1618 859 1661 Baronis
887 1618 941 1660 de
975 1618 1220 1669 Hardwick,
1257 1628 1300 1661 et
1334 1618 1477 1676 (paulo
1511 1619 1623 1676 post)

164 1710 339 1754 Comitis
360 1711 566 1754 Devoniae
580 1728 591 1762 ;
622 1711 696 1754 ubi
716 1711 804 1753 filio
825 1711 915 1767 ejus
944 1710 1239 1768 primogenito,
1267 1710 1541 1754 adolescentis
1568 1710 1626 1753 ibi

165 1802 254 1845 fere
272 1812 498 1854 coaetaneo,
521 1802 715 1854 servivit3
746 1801 989 1859 placuitque
1019 1811 1110 1844 tum
1132 1802 1220 1843 filio
1250 1812 1340 1844 tum
1363 1802 1486 1859 patri,
1519 1812 1625 1844 tem-

167 1909 331 1952 perans,
353 1893 535 1945 sedulus,
559 1893 719 1936 hilaris.
780 1894 909 1936 Anno
930 1904 1145 1951 sequente,
1172 1908 1269 1935 cum
1289 1893 1461 1936 domino
1481 1908 1557 1936 suo
1586 1894 1631 1935 in

168 1986 274 2028 urbe
293 1995 498 2043 perpetuo
518 1985 607 2028 fere
627 1985 798 2043 degens,
830 1985 943 2042 quod
974 1984 1179 2027 didicerat
1208 1984 1367 2042 linguae
1395 1985 1560 2028 Graecae
1590 1995 1633 2027 et

170 2077 352 2128 Latinae,
384 2092 539 2134 magna
567 2092 620 2119 ex
651 2086 770 2133 parte
799 2076 1006 2118 amiserat.
1067 2075 1237 2118 Deinde
1268 2091 1344 2133 per
1377 2075 1560 2118 Galliam
1591 2085 1634 2118 et

175 2169 343 2212 Italiam
373 2169 715 2227 peregrinantem
743 2169 961 2211 dominum
994 2178 1208 2226 sequutus,
1241 2168 1432 2225 gentium
1466 2168 1634 2210 illarum

170 2260 336 2319 linguas
356 2275 542 2318 eousque
562 2259 722 2310 didicit,
742 2270 790 2301 ut
806 2259 1042 2316 intelligere
1062 2274 1130 2301 eas
1150 2259 1417 2302 mediocriter
1437 2260 1633 2317 potuerit.

173 2352 374 2407 Interea†
402 2353 598 2395 Graecam
628 2361 671 2394 et
704 2351 901 2394 Latinam
934 2351 1125 2409 linguam
1156 2350 1358 2408 paulatim
1386 2351 1524 2408 perire
1556 2351 1635 2393 sibi

173 2443 368 2495 sentiens,
391 2443 698 2502 philosophiam
719 2453 861 2486 autem
881 2443 1147 2501 logicamque
1177 2443 1239 2498 (in
1261 2443 1414 2500 quibus
1434 2443 1636 2500 praeclare

174 2534 394 2592 profecisse
410 2550 454 2577 se
467 2535 772 2588 arbitrabatur)
789 2534 887 2576 viris
900 2534 1179 2591 prudentibus
1192 2534 1347 2576 derisui
1368 2550 1456 2577 esse
1476 2535 1634 2585 videns,

175 2626 340 2683 abjecta
378 2625 514 2684 logica
553 2636 596 2669 et
630 2626 892 2684 philosophia
931 2625 1003 2668 illa
1035 2641 1154 2676 vana,
1192 2635 1399 2683 quantum
1439 2627 1637 2684 temporis

175 2716 361 2760 habebat
381 2718 513 2768 vacui,
536 2718 780 2775 impendere
800 2717 986 2760 decrevit
1005 2716 1160 2774 linguis
1190 2717 1355 2760 Graecae
1382 2728 1425 2760 et
1457 2718 1636 2761 Latinae.

178 2808 330 2867 Itaque
361 2824 458 2852 cum
488 2809 534 2851 in
562 2809 764 2867 Angliam
796 2825 986 2852 reversus
1017 2818 1135 2859 esset,
1168 2808 1385 2852 historicos
1417 2820 1460 2852 et
1495 2819 1637 2866 poetas

407 2953 428 2992 †
451 2951 532 2983 Vide
548 2955 622 2983 Aut.
638 2963 655 2983 a
670 2952 781 2984 WVood.
803 2952 889 2984 Hist.
908 2951 1015 2993 Antiq.
1034 2951 1139 2983 Oxon.
1159 2951 1213 2983 lib.
1230 2952 1264 2983 ii.
1282 2963 1311 2993 p.
1328 2953 1399 2985 376.
