<?xml version="1.0" encoding="UTF-8"?>
<!DOCTYPE html PUBLIC "-//W3C//DTD XHTML 1.0 Transitional//EN"
    "http://www.w3.org/TR/xhtml1/DTD/xhtml1-transitional.dtd">
<html xmlns="http://www.w3.org/1999/xhtml" xml:lang="en" lang="en">
 <head>
  <title>
</title>
<meta http-equiv="Content-Type" content="text/html;charset=utf-8" />
  <meta name='ocr-system' content='tesseract 3.04.00' />
  <meta name='ocr-capabilities' content='ocr_page ocr_carea ocr_par ocr_line ocrx_word'/>
</head>
<body>
  <div class='ocr_page' id='page_1' title='image "./operaphilosophic01hobbuoft_0091.png"; bbox 0 0 1936 3262; ppageno 0'>
   <div class='ocr_carea' id='block_1_1' title="bbox 528 267 1593 312">
    <p class='ocr_par' dir='ltr' id='par_1_1' title="bbox 528 267 1593 312">
     <span class='ocr_line' id='line_1_1' title="bbox 528 267 1593 312; baseline -0.003 -1"><span class='ocrx_word' id='word_1_1' title='bbox 528 283 643 312; x_wconf 67' lang='lat' dir='ltr'><strong><em>vrrAE</em></strong></span> <span class='ocrx_word' id='word_1_2' title='bbox 665 282 914 312; x_wconf 74' lang='lat' dir='ltr'><strong><em>uonniANAE</em></strong></span> <span class='ocrx_word' id='word_1_3' title='bbox 937 281 1219 311; x_wconf 72' lang='lat' dir='ltr'><strong><em>AucrARmM.</em></strong></span> <span class='ocrx_word' id='word_1_4' title='bbox 1473 267 1593 309; x_wconf 84' lang='lat' dir='ltr'>lxxix</span> 
     </span>
    </p>
   </div>
   <div class='ocr_carea' id='block_1_2' title="bbox 0 0 258 622">
    <p class='ocr_par' dir='ltr' id='par_1_2' title="bbox 0 0 258 622">
     <span class='ocr_line' id='line_1_2' title="bbox 0 0 258 622; baseline 0 0"><span class='ocrx_word' id='word_1_5' title='bbox 0 0 258 622; x_wconf 95' lang='lat' dir='ltr'><strong><em>   </em></strong></span> 
     </span>
    </p>
   </div>
   <div class='ocr_carea' id='block_1_3' title="bbox 522 420 1208 458">
    <p class='ocr_par' dir='ltr' id='par_1_3' title="bbox 522 420 1208 458">
     <span class='ocr_line' id='line_1_3' title="bbox 522 420 1208 458; baseline 0.001 -2"><span class='ocrx_word' id='word_1_6' title='bbox 522 421 582 457; x_wconf 92' lang='lat' dir='ltr'><strong><em>IN</em></strong></span> <span class='ocrx_word' id='word_1_7' title='bbox 607 420 797 457; x_wconf 92' lang='lat' dir='ltr'>HOBBII</span> <span class='ocrx_word' id='word_1_8' title='bbox 823 421 1208 458; x_wconf 87' lang='lat' dir='ltr'>DEFENSIONEM.</span> 
     </span>
    </p>
   </div>
   <div class='ocr_carea' id='block_1_4' title="bbox 60 505 1596 850">
    <p class='ocr_par' dir='ltr' id='par_1_4' title="bbox 91 505 1591 587">
     <span class='ocr_line' id='line_1_4' title="bbox 91 505 1591 587; baseline -0.003 -24"><span class='ocrx_word' id='word_1_9' title='bbox 91 505 122 548; x_wconf 48' lang='grc' dir='ltr'><strong><em>’Ϊ</em></strong></span> <span class='ocrx_word' id='word_1_10' title='bbox 193 517 382 587; x_wconf 82' lang='lat' dir='ltr'><strong><em>Unicum</em></strong></span> <span class='ocrx_word' id='word_1_11' title='bbox 415 519 679 562; x_wconf 86' lang='lat' dir='ltr'><strong>solummodo</strong></span> <span class='ocrx_word' id='word_1_12' title='bbox 711 519 875 576; x_wconf 85' lang='lat' dir='ltr'><strong>reperio</strong></span> <span class='ocrx_word' id='word_1_13' title='bbox 907 520 1123 577; x_wconf 90' lang='lat' dir='ltr'><strong><em>scriptum,</em></strong></span> <span class='ocrx_word' id='word_1_14' title='bbox 1161 519 1291 577; x_wconf 90' lang='lat' dir='ltr'><strong><em>idque</em></strong></span> <span class='ocrx_word' id='word_1_15' title='bbox 1319 533 1591 575; x_wconf 91' lang='lat' dir='ltr'><strong><em>anonymum,</em></strong></span> 
     </span>
    </p>

    <p class='ocr_par' dir='ltr' id='par_1_5' title="bbox 60 587 1596 863">
     <span class='ocr_line' id='line_1_5' title="bbox 125 610 1596 669; baseline -0.004 -10.167"><span class='ocrx_word' id='word_1_16' title='bbox 86 587 248 669; x_wconf 54' lang='lat' dir='ltr'><strong><em>}”.&#39;ltunc</em></strong></span> <span class='ocrx_word' id='word_1_17' title='bbox 266 626 357 669; x_wconf 88' lang='lat' dir='ltr'><strong><em>prae</em></strong></span> <span class='ocrx_word' id='word_1_18' title='bbox 371 626 416 654; x_wconf 86' lang='lat' dir='ltr'><strong><em>se</em></strong></span> <span class='ocrx_word' id='word_1_19' title='bbox 433 611 572 654; x_wconf 87' lang='lat' dir='ltr'><strong><em>ferens</em></strong></span> <span class='ocrx_word' id='word_1_20' title='bbox 591 611 785 654; x_wconf 87' lang='lat' dir='ltr'><strong><em>titulum:</em></strong></span> <span class='ocrx_word' id='word_1_21' title='bbox 816 615 1076 656; x_wconf 72' lang='lat' dir='ltr'><strong><em>Dissertatio</em></strong></span> <span class='ocrx_word' id='word_1_22' title='bbox 1093 615 1146 655; x_wconf 87' lang='lat' dir='ltr'><strong><em>de</em></strong></span> <span class='ocrx_word' id='word_1_23' title='bbox 1164 613 1402 668; x_wconf 73' lang='lat' dir='ltr'><strong><em>Principiis</em></strong></span> <span class='ocrx_word' id='word_1_24' title='bbox 1415 614 1535 654; x_wconf 80' lang='lat' dir='ltr'><strong><em>Justi</em></strong></span> <span class='ocrx_word' id='word_1_25' title='bbox 1553 617 1596 653; x_wconf 82' lang='lat' dir='ltr'><strong><em>et</em></strong></span> 
     </span>
     <span class='ocr_line' id='line_1_6' title="bbox 60 678 1595 760; baseline -0.002 -12"><span class='ocrx_word' id='word_1_26' title='bbox 60 678 73 690; x_wconf 30' lang='lat' dir='ltr'><strong>Q</strong></span> <span class='ocrx_word' id='word_1_27' title='bbox 85 702 307 759; x_wconf 51' lang='lat' dir='ltr'><strong><em>2Deoori,</em></strong></span> <span class='ocrx_word' id='word_1_28' title='bbox 338 706 555 748; x_wconf 76' lang='lat' dir='ltr'><strong><em>continens</em></strong></span> <span class='ocrx_word' id='word_1_29' title='bbox 571 703 820 759; x_wconf 72' lang='lat' dir='ltr'><strong><em>Apoloyiam</em></strong></span> <span class='ocrx_word' id='word_1_30' title='bbox 832 719 916 760; x_wconf 84' lang='lat' dir='ltr'><strong><em>pro</em></strong></span> <span class='ocrx_word' id='word_1_31' title='bbox 940 705 1148 747; x_wconf 82' lang='lat' dir='ltr'><strong><em>Tractatu</em></strong></span> <span class='ocrx_word' id='word_1_32' title='bbox 1174 704 1416 747; x_wconf 75' lang='lat' dir='ltr'><strong><em>Clarissimi</em></strong></span> <span class='ocrx_word' id='word_1_33' title='bbox 1435 704 1595 746; x_wconf 83' lang='lat' dir='ltr'><strong><em>Hobbii</em></strong></span> 
     </span>
     <span class='ocr_line' id='line_1_7' title="bbox 91 787 851 850; baseline -0.005 -11.047"><span class='ocrx_word' id='word_1_34' title='bbox 91 820 116 850; x_wconf 62' lang='grc' dir='ltr'><strong><em>χ,</em></strong></span> <span class='ocrx_word' id='word_1_35' title='bbox 131 787 340 845; x_wconf 61' lang='grc' dir='ltr'><strong><em>Βέθίυε,</em></strong></span> <span class='ocrx_word' id='word_1_36' title='bbox 361 796 500 836; x_wconf 78' lang='lat' dir='ltr'><strong><em>12mo.</em></strong></span> <span class='ocrx_word' id='word_1_37' title='bbox 523 793 702 836; x_wconf 88' lang='lat' dir='ltr'><strong><em>Amstel.</em></strong></span> <span class='ocrx_word' id='word_1_38' title='bbox 728 796 851 836; x_wconf 88' lang='grc'><strong>1651.</strong></span> 
     </span>
    </p>
   </div>
   <div class='ocr_carea' id='block_1_5' title="bbox 733 921 995 931">
    <p class='ocr_par' dir='ltr' id='par_1_6' title="bbox 733 921 995 931">
     <span class='ocr_line' id='line_1_8' title="bbox 733 921 995 931; baseline 0 2331"><span class='ocrx_word' id='word_1_39' title='bbox 733 921 995 931; x_wconf 95' lang='lat' dir='ltr'><strong><em> </em></strong></span> 
     </span>
    </p>
   </div>
   <div class='ocr_carea' id='block_1_6' title="bbox 72 1010 1595 1163">
    <p class='ocr_par' dir='ltr' id='par_1_7' title="bbox 72 1010 1595 1166">
     <span class='ocr_line' id='line_1_9' title="bbox 72 1010 1595 1071; baseline -0.001 -16"><span class='ocrx_word' id='word_1_40' title='bbox 72 1053 103 1064; x_wconf 59' lang='grc'><strong><em>,,</em></strong></span> <span class='ocrx_word' id='word_1_41' title='bbox 192 1010 336 1055; x_wconf 81' lang='lat' dir='ltr'><strong><em>Tanto</em></strong></span> <span class='ocrx_word' id='word_1_42' title='bbox 354 1011 499 1071; x_wconf 81' lang='lat' dir='ltr'><strong><em>itaque</em></strong></span> <span class='ocrx_word' id='word_1_43' title='bbox 530 1010 866 1055; x_wconf 85' lang='lat' dir='ltr'><strong><em>adversariorum</em></strong></span> <span class='ocrx_word' id='word_1_44' title='bbox 886 1011 1047 1070; x_wconf 88' lang='lat' dir='ltr'><strong><em>agmini</em></strong></span> <span class='ocrx_word' id='word_1_45' title='bbox 1066 1026 1122 1054; x_wconf 84' lang='lat' dir='ltr'><strong><em>ex</em></strong></span> <span class='ocrx_word' id='word_1_46' title='bbox 1141 1011 1332 1069; x_wconf 90' lang='lat' dir='ltr'><strong><em>opposito</em></strong></span> <span class='ocrx_word' id='word_1_47' title='bbox 1352 1010 1464 1054; x_wconf 89' lang='lat' dir='ltr'><strong><em>solus</em></strong></span> <span class='ocrx_word' id='word_1_48' title='bbox 1488 1011 1595 1054; x_wconf 84' lang='lat' dir='ltr'><strong><em>sisti-</em></strong></span> 
     </span>
     <span class='ocr_line' id='line_1_10' title="bbox 134 1101 439 1163; baseline -0.014 -13.74"><span class='ocrx_word' id='word_1_49' title='bbox 134 1109 207 1147; x_wconf 85' lang='lat' dir='ltr'><strong><em>tur</em></strong></span> <span class='ocrx_word' id='word_1_50' title='bbox 226 1101 439 1163; x_wconf 82' lang='lat' dir='ltr'><strong><em>Hobbius,</em></strong></span> 
     </span>
    </p>
   </div>
   <div class='ocr_carea' id='block_1_7' title="bbox 359 1223 1507 1334">
    <p class='ocr_par' dir='ltr' id='par_1_8' title="bbox 359 1223 1507 1334">
     <span class='ocr_line' id='line_1_11' title="bbox 359 1223 1272 1271; baseline -0.002 -9"><span class='ocrx_word' id='word_1_51' title='bbox 359 1230 382 1248; x_wconf 78' lang='lat'><strong><em>‘⁶</em></strong></span> <span class='ocrx_word' id='word_1_52' title='bbox 396 1228 525 1271; x_wconf 76' lang='lat' dir='ltr'><strong><em>Parque</em></strong></span> <span class='ocrx_word' id='word_1_53' title='bbox 539 1239 661 1261; x_wconf 84' lang='lat' dir='ltr'><strong><em>novum</em></strong></span> <span class='ocrx_word' id='word_1_54' title='bbox 677 1223 821 1261; x_wconf 69' lang='lat' dir='ltr'><strong><em>Fortuna.</em></strong></span> <span class='ocrx_word' id='word_1_55' title='bbox 839 1229 928 1261; x_wconf 85' lang='lat' dir='ltr'><strong><em>videt</em></strong></span> <span class='ocrx_word' id='word_1_56' title='bbox 941 1239 1133 1261; x_wconf 88' lang='lat' dir='ltr'><strong><em>concurrere</em></strong></span> <span class='ocrx_word' id='word_1_57' title='bbox 1148 1228 1272 1261; x_wconf 88' lang='lat' dir='ltr'><strong><em>bellum</em></strong></span> 
     </span>
     <span class='ocr_line' id='line_1_12' title="bbox 391 1287 1507 1334; baseline 0 -14"><span class='ocrx_word' id='word_1_58' title='bbox 391 1289 498 1331; x_wconf 85' lang='lat' dir='ltr'>Atque</span> <span class='ocrx_word' id='word_1_59' title='bbox 515 1287 656 1334; x_wconf 50' lang='lat' dir='ltr'><strong><em>virum?</em></strong></span> <span class='ocrx_word' id='word_1_60' title='bbox 1324 1287 1507 1320; x_wconf 59' lang='lat' dir='ltr'><strong><em>chsnus.</em></strong></span> 
     </span>
    </p>
   </div>
   <div class='ocr_carea' id='block_1_8' title="bbox 193 1397 1594 1478">
    <p class='ocr_par' dir='ltr' id='par_1_9' title="bbox 193 1397 1594 1478">
     <span class='ocr_line' id='line_1_13' title="bbox 193 1397 1594 1456; baseline -0.001 -15"><span class='ocrx_word' id='word_1_61' title='bbox 193 1397 323 1448; x_wconf 84' lang='lat' dir='ltr'><strong><em>Quod</em></strong></span> <span class='ocrx_word' id='word_1_62' title='bbox 341 1413 442 1441; x_wconf 85' lang='lat' dir='ltr'><strong><em>sane</em></strong></span> <span class='ocrx_word' id='word_1_63' title='bbox 461 1397 586 1441; x_wconf 84' lang='lat' dir='ltr'><strong><em>alicui</em></strong></span> <span class='ocrx_word' id='word_1_64' title='bbox 615 1413 773 1441; x_wconf 89' lang='lat' dir='ltr'><strong><em>novum</em></strong></span> <span class='ocrx_word' id='word_1_65' title='bbox 808 1407 850 1440; x_wconf 89' lang='lat' dir='ltr'><strong><em>et</em></strong></span> <span class='ocrx_word' id='word_1_66' title='bbox 880 1398 1096 1442; x_wconf 82' lang='lat' dir='ltr'><strong><em>insolitum</em></strong></span> <span class='ocrx_word' id='word_1_67' title='bbox 1116 1398 1266 1441; x_wconf 88' lang='lat' dir='ltr'><strong><em>merito</em></strong></span> <span class='ocrx_word' id='word_1_68' title='bbox 1286 1398 1419 1441; x_wconf 87' lang='lat' dir='ltr'><strong><em>videri</em></strong></span> <span class='ocrx_word' id='word_1_69' title='bbox 1439 1398 1594 1456; x_wconf 84' lang='lat' dir='ltr'><strong><em>possit3</em></strong></span> 
     </span>
     <span class='ocr_line' id='line_1_14' title="bbox 924 1457 938 1478; baseline 0 -2"><span class='ocrx_word' id='word_1_70' title='bbox 924 1457 938 1478; x_wconf 65' lang='lat' dir='ltr'><strong><em>d</em></strong></span> 
     </span>
    </p>
   </div>
   <div class='ocr_carea' id='block_1_9' title="bbox 0 1483 1594 1547">
    <p class='ocr_par' dir='ltr' id='par_1_10' title="bbox 0 1477 1594 1547">
     <span class='ocr_line' id='line_1_15' title="bbox 0 1483 1594 1547; baseline 0 -16"><span class='ocrx_word' id='word_1_71' title='bbox 0 1493 2 1495; x_wconf 81' lang='grc'><strong>’</strong></span> <span class='ocrx_word' id='word_1_72' title='bbox 71 1483 94 1531; x_wconf 67' lang='lat'><strong><em>:³</em></strong></span> <span class='ocrx_word' id='word_1_73' title='bbox 134 1489 371 1547; x_wconf 85' lang='lat' dir='ltr'><strong><em>praesertim</em></strong></span> <span class='ocrx_word' id='word_1_74' title='bbox 390 1505 488 1533; x_wconf 85' lang='lat' dir='ltr'><strong><em>cum</em></strong></span> <span class='ocrx_word' id='word_1_75' title='bbox 509 1490 620 1532; x_wconf 88' lang='lat' dir='ltr'><strong><em>inter</em></strong></span> <span class='ocrx_word' id='word_1_76' title='bbox 634 1489 821 1532; x_wconf 81' lang='lat' dir='ltr'><strong><em>literatos</em></strong></span> <span class='ocrx_word' id='word_1_77' title='bbox 837 1490 908 1531; x_wconf 89' lang='lat' dir='ltr'><strong><em>vix</em></strong></span> <span class='ocrx_word' id='word_1_78' title='bbox 924 1490 1148 1547; x_wconf 88' lang='lat' dir='ltr'><strong><em>quicquam</em></strong></span> <span class='ocrx_word' id='word_1_79' title='bbox 1164 1499 1250 1532; x_wconf 86' lang='lat' dir='ltr'><strong><em>tam</em></strong></span> <span class='ocrx_word' id='word_1_80' title='bbox 1263 1489 1434 1532; x_wconf 87' lang='lat' dir='ltr'><strong><em>absurdi</em></strong></span> <span class='ocrx_word' id='word_1_81' title='bbox 1454 1489 1594 1540; x_wconf 85' lang='lat' dir='ltr'><strong><em>fuerit,</em></strong></span> 
     </span>
    </p>
   </div>
   <div class='ocr_carea' id='block_1_10' title="bbox 70 1580 1675 2006">
    <p class='ocr_par' dir='ltr' id='par_1_11' title="bbox 67 1566 1675 2011">
     <span class='ocr_line' id='line_1_16' title="bbox 136 1580 1596 1640; baseline 0.001 -18.913"><span class='ocrx_word' id='word_1_82' title='bbox 136 1580 243 1640; x_wconf 83' lang='lat' dir='ltr'><strong><em>quin</em></strong></span> <span class='ocrx_word' id='word_1_83' title='bbox 258 1596 354 1625; x_wconf 84' lang='lat' dir='ltr'><strong><em>suos</em></strong></span> <span class='ocrx_word' id='word_1_84' title='bbox 365 1581 575 1624; x_wconf 85' lang='lat' dir='ltr'><strong><em>invenerit</em></strong></span> <span class='ocrx_word' id='word_1_85' title='bbox 589 1591 827 1624; x_wconf 79' lang='lat' dir='ltr'><strong><em>assertores.</em></strong></span> <span class='ocrx_word' id='word_1_86' title='bbox 861 1581 958 1624; x_wconf 92' lang='lat' dir='ltr'><strong><em>Hoc</em></strong></span> <span class='ocrx_word' id='word_1_87' title='bbox 979 1591 1134 1632; x_wconf 88' lang='lat' dir='ltr'><strong><em>tamen,</em></strong></span> <span class='ocrx_word' id='word_1_88' title='bbox 1157 1581 1191 1624; x_wconf 91' lang='lat' dir='ltr'><strong><em>si</em></strong></span> <span class='ocrx_word' id='word_1_89' title='bbox 1207 1581 1460 1637; x_wconf 81' lang='lat' dir='ltr'><strong><em>conjecturae</em></strong></span> <span class='ocrx_word' id='word_1_90' title='bbox 1480 1580 1596 1623; x_wconf 89' lang='lat' dir='ltr'><strong><em>locus</em></strong></span> 
     </span>
     <span class='ocr_line' id='line_1_17' title="bbox 85 1658 1596 1731; baseline 0 -15"><span class='ocrx_word' id='word_1_91' title='bbox 85 1658 88 1665; x_wconf 44' lang='lat'><em>⁷</em></span> <span class='ocrx_word' id='word_1_92' title='bbox 133 1671 202 1724; x_wconf 67' lang='lat' dir='ltr'><strong><em>nit,</em></strong></span> <span class='ocrx_word' id='word_1_93' title='bbox 217 1671 373 1715; x_wconf 85' lang='lat' dir='ltr'><strong><em>exinde</em></strong></span> <span class='ocrx_word' id='word_1_94' title='bbox 391 1671 533 1716; x_wconf 85' lang='lat' dir='ltr'><strong><em>forsan</em></strong></span> <span class='ocrx_word' id='word_1_95' title='bbox 551 1673 775 1730; x_wconf 84' lang='lat' dir='ltr'><strong><em>provenire</em></strong></span> <span class='ocrx_word' id='word_1_96' title='bbox 789 1673 954 1731; x_wconf 85' lang='lat' dir='ltr'><strong><em>potuit3</em></strong></span> <span class='ocrx_word' id='word_1_97' title='bbox 985 1672 1098 1731; x_wconf 89' lang='lat' dir='ltr'><strong><em>quia,</em></strong></span> <span class='ocrx_word' id='word_1_98' title='bbox 1121 1681 1170 1715; x_wconf 91' lang='lat' dir='ltr'><strong><em>ut</em></strong></span> <span class='ocrx_word' id='word_1_99' title='bbox 1189 1671 1451 1730; x_wconf 84' lang='lat' dir='ltr'><strong><em>philosophia</em></strong></span> <span class='ocrx_word' id='word_1_100' title='bbox 1473 1673 1596 1716; x_wconf 95' lang='lat' dir='ltr'><strong>Hob-</strong></span> 
     </span>
     <span class='ocr_line' id='line_1_18' title="bbox 133 1761 1597 1823; baseline -0.001 -16.043"><span class='ocrx_word' id='word_1_101' title='bbox 133 1761 262 1806; x_wconf 78' lang='lat' dir='ltr'><strong><em>biana</em></strong></span> <span class='ocrx_word' id='word_1_102' title='bbox 280 1771 483 1822; x_wconf 82' lang='lat' dir='ltr'><strong><em>tanquam</em></strong></span> <span class='ocrx_word' id='word_1_103' title='bbox 501 1763 676 1822; x_wconf 85' lang='lat' dir='ltr'><strong><em>paulum</em></strong></span> <span class='ocrx_word' id='word_1_104' title='bbox 697 1764 799 1823; x_wconf 92' lang='lat' dir='ltr'><strong><em>quid</em></strong></span> <span class='ocrx_word' id='word_1_105' title='bbox 815 1764 1030 1822; x_wconf 82' lang='lat' dir='ltr'><strong><em>paradoxa</em></strong></span> <span class='ocrx_word' id='word_1_106' title='bbox 1047 1763 1202 1807; x_wconf 88' lang='lat' dir='ltr'><strong><em>multos</em></strong></span> <span class='ocrx_word' id='word_1_107' title='bbox 1223 1774 1346 1807; x_wconf 87' lang='lat' dir='ltr'><strong><em>nacta.</em></strong></span> <span class='ocrx_word' id='word_1_108' title='bbox 1365 1764 1418 1807; x_wconf 89' lang='lat' dir='ltr'><strong><em>sit</em></strong></span> <span class='ocrx_word' id='word_1_109' title='bbox 1434 1779 1597 1822; x_wconf 83' lang='lat' dir='ltr'><strong><em>oppug-</em></strong></span> 
     </span>
     <span class='ocr_line' id='line_1_19' title="bbox 133 1855 1597 1914; baseline 0.001 -16.914"><span class='ocrx_word' id='word_1_110' title='bbox 133 1862 314 1913; x_wconf 75' lang='lat' dir='ltr'><strong><em>natores,</em></strong></span> <span class='ocrx_word' id='word_1_111' title='bbox 359 1855 432 1907; x_wconf 78' lang='lat' dir='ltr'><strong><em>ita,</em></strong></span> <span class='ocrx_word' id='word_1_112' title='bbox 467 1856 612 1900; x_wconf 81' lang='lat' dir='ltr'><strong><em>nativa.</em></strong></span> <span class='ocrx_word' id='word_1_113' title='bbox 643 1857 821 1899; x_wconf 87' lang='lat' dir='ltr'><strong><em>veritate</em></strong></span> <span class='ocrx_word' id='word_1_114' title='bbox 859 1856 1044 1908; x_wconf 88' lang='lat' dir='ltr'><strong><em>defensa,</em></strong></span> <span class='ocrx_word' id='word_1_115' title='bbox 1084 1856 1228 1914; x_wconf 88' lang='lat' dir='ltr'><strong><em>paucis</em></strong></span> <span class='ocrx_word' id='word_1_116' title='bbox 1262 1871 1366 1914; x_wconf 92' lang='lat' dir='ltr'><strong><em>opus</em></strong></span> <span class='ocrx_word' id='word_1_117' title='bbox 1401 1856 1597 1899; x_wconf 89' lang='lat' dir='ltr'><strong><em>habuerit</em></strong></span> 
     </span>
     <span class='ocr_line' id='line_1_20' title="bbox 70 1924 1675 2006; baseline 0.001 -18"><span class='ocrx_word' id='word_1_118' title='bbox 70 1924 94 1973; x_wconf 33' lang='lat' dir='ltr'><strong><em>ss</em></strong></span> <span class='ocrx_word' id='word_1_119' title='bbox 133 1944 326 1989; x_wconf 82' lang='lat' dir='ltr'><strong><em>vindiciis</em></strong></span> <span class='ocrx_word' id='word_1_120' title='bbox 339 1962 352 1998; x_wconf 84' lang='lat'>3</span> <span class='ocrx_word' id='word_1_121' title='bbox 381 1961 439 1989; x_wconf 88' lang='lat' dir='ltr'><strong><em>an</em></strong></span> <span class='ocrx_word' id='word_1_122' title='bbox 468 1946 542 1990; x_wconf 86' lang='lat' dir='ltr'><strong><em>vix</em></strong></span> <span class='ocrx_word' id='word_1_123' title='bbox 575 1956 767 2006; x_wconf 85' lang='lat' dir='ltr'><strong><em>repertus</em></strong></span> <span class='ocrx_word' id='word_1_124' title='bbox 802 1956 866 1990; x_wconf 87' lang='lat' dir='ltr'><strong><em>est</em></strong></span> <span class='ocrx_word' id='word_1_125' title='bbox 899 1947 1123 2005; x_wconf 85' lang='lat' dir='ltr'><strong><em>quisquam</em></strong></span> <span class='ocrx_word' id='word_1_126' title='bbox 1158 1947 1244 1990; x_wconf 87' lang='lat' dir='ltr'><strong><em>suis</em></strong></span> <span class='ocrx_word' id='word_1_127' title='bbox 1279 1947 1384 1990; x_wconf 89' lang='lat' dir='ltr'><strong><em>adeo</em></strong></span> <span class='ocrx_word' id='word_1_128' title='bbox 1415 1947 1597 1990; x_wconf 87' lang='lat' dir='ltr'><strong><em>confisus</em></strong></span> <span class='ocrx_word' id='word_1_129' title='bbox 1672 1995 1675 1997; x_wconf 35' lang='grc'><strong>,</strong></span> 
     </span>
    </p>
   </div>
   <div class='ocr_carea' id='block_1_11' title="bbox 83 2020 1596 2097">
    <p class='ocr_par' dir='ltr' id='par_1_12' title="bbox 63 2020 1596 2097">
     <span class='ocr_line' id='line_1_21' title="bbox 83 2020 1596 2097; baseline 0.004 -21.922"><span class='ocrx_word' id='word_1_130' title='bbox 63 2020 99 2076; x_wconf 44' lang='lat'><strong><em>:⁴¹3</em></strong></span> <span class='ocrx_word' id='word_1_131' title='bbox 124 2036 307 2090; x_wconf 78' lang='lat' dir='ltr'><strong><em>¹viribus,</em></strong></span> <span class='ocrx_word' id='word_1_132' title='bbox 328 2037 403 2096; x_wconf 86' lang='lat' dir='ltr'><strong><em>qui</em></strong></span> <span class='ocrx_word' id='word_1_133' title='bbox 435 2038 619 2097; x_wconf 87' lang='lat' dir='ltr'><strong><em>seipsum</em></strong></span> <span class='ocrx_word' id='word_1_134' title='bbox 649 2038 851 2096; x_wconf 90' lang='lat' dir='ltr'><strong><em>suppetiis</em></strong></span> <span class='ocrx_word' id='word_1_135' title='bbox 881 2047 999 2093; x_wconf 85' lang='lat' dir='ltr'><strong><em>tanto</em></strong></span> <span class='ocrx_word' id='word_1_136' title='bbox 1028 2038 1190 2080; x_wconf 90' lang='lat' dir='ltr'><strong><em>homini</em></strong></span> <span class='ocrx_word' id='word_1_137' title='bbox 1209 2037 1392 2080; x_wconf 88' lang='lat' dir='ltr'><strong><em>ferendis</em></strong></span> <span class='ocrx_word' id='word_1_138' title='bbox 1411 2038 1596 2081; x_wconf 83' lang='lat' dir='ltr'><strong><em>habilem</em></strong></span> 
     </span>
    </p>
   </div>
   <div class='ocr_carea' id='block_1_12' title="bbox 2 2114 1594 2188">
    <p class='ocr_par' dir='ltr' id='par_1_13' title="bbox 2 2114 1594 2188">
     <span class='ocr_line' id='line_1_22' title="bbox 2 2114 1594 2188; baseline 0.001 -16"><span class='ocrx_word' id='word_1_139' title='bbox 2 2114 6 2116; x_wconf 11' lang='grc' dir='ltr'>ἡ</span> <span class='ocrx_word' id='word_1_140' title='bbox 134 2129 311 2173; x_wconf 76' lang='lat' dir='ltr'><strong><em>senserit</em></strong></span> <span class='ocrx_word' id='word_1_141' title='bbox 319 2144 333 2182; x_wconf 80' lang='lat'>3</span> <span class='ocrx_word' id='word_1_142' title='bbox 362 2138 437 2172; x_wconf 82' lang='lat' dir='ltr'><strong><em>aut</em></strong></span> <span class='ocrx_word' id='word_1_143' title='bbox 457 2129 664 2188; x_wconf 85' lang='lat' dir='ltr'><strong><em>discipuli,</em></strong></span> <span class='ocrx_word' id='word_1_144' title='bbox 686 2129 741 2172; x_wconf 89' lang='lat' dir='ltr'><strong><em>de</em></strong></span> <span class='ocrx_word' id='word_1_145' title='bbox 761 2129 965 2172; x_wconf 82' lang='lat' dir='ltr'><strong><em>doctrinae</em></strong></span> <span class='ocrx_word' id='word_1_146' title='bbox 993 2130 1083 2187; x_wconf 89' lang='lat' dir='ltr'><strong><em>ejus</em></strong></span> <span class='ocrx_word' id='word_1_147' title='bbox 1117 2130 1370 2173; x_wconf 87' lang='lat' dir='ltr'><strong><em>certitudine</em></strong></span> <span class='ocrx_word' id='word_1_148' title='bbox 1395 2131 1594 2187; x_wconf 83' lang='lat' dir='ltr'><strong><em>persuasi,</em></strong></span> 
     </span>
    </p>
   </div>
   <div class='ocr_carea' id='block_1_13' title="bbox 64 2220 1596 2279">
    <p class='ocr_par' dir='ltr' id='par_1_14' title="bbox 0 2220 1596 2283">
     <span class='ocr_line' id='line_1_23' title="bbox 64 2220 1596 2279; baseline 0.001 -15.96"><span class='ocrx_word' id='word_1_149' title='bbox 64 2235 70 2239; x_wconf 72' lang='grc'><strong><em>’·</em></strong></span> <span class='ocrx_word' id='word_1_150' title='bbox 136 2234 339 2278; x_wconf 82' lang='lat' dir='ltr'><strong><em>magnum</em></strong></span> <span class='ocrx_word' id='word_1_151' title='bbox 361 2221 663 2276; x_wconf 70' lang='grc' dir='ltr'>Θαυμασιωτάτε</span> <span class='ocrx_word' id='word_1_152' title='bbox 691 2221 801 2264; x_wconf 84' lang='lat' dir='ltr'><strong><em>senis</em></strong></span> <span class='ocrx_word' id='word_1_153' title='bbox 830 2221 1050 2279; x_wconf 87' lang='lat' dir='ltr'><strong><em>ingenium</em></strong></span> <span class='ocrx_word' id='word_1_154' title='bbox 1080 2220 1274 2279; x_wconf 87' lang='lat' dir='ltr'><strong><em>religioso</em></strong></span> <span class='ocrx_word' id='word_1_155' title='bbox 1308 2237 1405 2264; x_wconf 89' lang='lat' dir='ltr'><strong><em>cum</em></strong></span> <span class='ocrx_word' id='word_1_156' title='bbox 1430 2221 1596 2264; x_wconf 91' lang='lat' dir='ltr'><strong><em>silentio</em></strong></span> 
     </span>
    </p>
   </div>
   <div class='ocr_carea' id='block_1_14' title="bbox 137 2311 1597 2371">
    <p class='ocr_par' dir='ltr' id='par_1_15' title="bbox 1 2299 1597 2372">
     <span class='ocr_line' id='line_1_24' title="bbox 137 2311 1597 2371; baseline 0.004 -20.489"><span class='ocrx_word' id='word_1_157' title='bbox 137 2319 402 2363; x_wconf 74' lang='lat' dir='ltr'><strong><em>venerantes,</em></strong></span> <span class='ocrx_word' id='word_1_158' title='bbox 431 2311 522 2369; x_wconf 90' lang='lat' dir='ltr'><strong><em>ipso</em></strong></span> <span class='ocrx_word' id='word_1_159' title='bbox 553 2311 598 2353; x_wconf 90' lang='lat' dir='ltr'><strong><em>in</em></strong></span> <span class='ocrx_word' id='word_1_160' title='bbox 637 2312 742 2355; x_wconf 91' lang='lat' dir='ltr'><strong><em>vivis</em></strong></span> <span class='ocrx_word' id='word_1_161' title='bbox 772 2322 926 2370; x_wconf 85' lang='lat' dir='ltr'><strong><em>agente</em></strong></span> <span class='ocrx_word' id='word_1_162' title='bbox 956 2312 1123 2354; x_wconf 91' lang='lat' dir='ltr'><strong><em>nullum</em></strong></span> <span class='ocrx_word' id='word_1_163' title='bbox 1162 2312 1292 2354; x_wconf 89' lang='lat' dir='ltr'><strong><em>alium</em></strong></span> <span class='ocrx_word' id='word_1_164' title='bbox 1321 2313 1597 2371; x_wconf 80' lang='lat' dir='ltr'><strong><em>philosophiae</em></strong></span> 
     </span>
    </p>
   </div>
   <div class='ocr_carea' id='block_1_15' title="bbox 1 2391 1194 2462">
    <p class='ocr_par' dir='ltr' id='par_1_16' title="bbox 1 2391 1194 2462">
     <span class='ocr_line' id='line_1_25' title="bbox 1 2391 1194 2462; baseline -0.002 -14"><span class='ocrx_word' id='word_1_165' title='bbox 1 2399 6 2448; x_wconf 60' lang='grc' dir='ltr'>ἶ</span> <span class='ocrx_word' id='word_1_166' title='bbox 77 2391 93 2430; x_wconf 45' lang='lat' dir='ltr'>s</span> <span class='ocrx_word' id='word_1_167' title='bbox 138 2400 383 2462; x_wconf 71' lang='lat' dir='ltr'><strong><em>Hobbianae</em></strong></span> <span class='ocrx_word' id='word_1_168' title='bbox 400 2402 611 2446; x_wconf 75' lang='lat' dir='ltr'><strong><em>vindicem</em></strong></span> <span class='ocrx_word' id='word_1_169' title='bbox 630 2418 720 2446; x_wconf 90' lang='lat' dir='ltr'><strong><em>esse</em></strong></span> <span class='ocrx_word' id='word_1_170' title='bbox 739 2413 934 2461; x_wconf 86' lang='lat' dir='ltr'><strong><em>oportere</em></strong></span> <span class='ocrx_word' id='word_1_171' title='bbox 947 2403 1194 2461; x_wconf 85' lang='lat' dir='ltr'><strong><em>judicarint.</em></strong></span> 
     </span>
    </p>
   </div>
   <div class='ocr_carea' id='block_1_16' title="bbox 195 2492 1596 2553">
    <p class='ocr_par' dir='ltr' id='par_1_17' title="bbox 195 2492 1596 2553">
     <span class='ocr_line' id='line_1_26' title="bbox 195 2492 1596 2553; baseline 0.004 -18"><span class='ocrx_word' id='word_1_172' title='bbox 195 2492 455 2536; x_wconf 87' lang='lat' dir='ltr'><strong><em>Exorientur</em></strong></span> <span class='ocrx_word' id='word_1_173' title='bbox 482 2493 596 2546; x_wconf 87' lang='lat' dir='ltr'><strong><em>olim,</em></strong></span> <span class='ocrx_word' id='word_1_174' title='bbox 625 2495 700 2551; x_wconf 89' lang='lat' dir='ltr'><strong><em>qui</em></strong></span> <span class='ocrx_word' id='word_1_175' title='bbox 729 2495 975 2553; x_wconf 73' lang='lat' dir='ltr'><strong><em>praeclasam</em></strong></span> <span class='ocrx_word' id='word_1_176' title='bbox 996 2495 1109 2539; x_wconf 88' lang='lat' dir='ltr'><strong><em>illam</em></strong></span> <span class='ocrx_word' id='word_1_177' title='bbox 1145 2495 1450 2553; x_wconf 88' lang='lat' dir='ltr'><strong><em>philosophiam</em></strong></span> <span class='ocrx_word' id='word_1_178' title='bbox 1470 2496 1596 2553; x_wconf 88' lang='lat' dir='ltr'><strong><em>justis</em></strong></span> 
     </span>
    </p>
   </div>
   <div class='ocr_carea' id='block_1_17' title="bbox 6 2583 1595 2644">
    <p class='ocr_par' dir='ltr' id='par_1_18' title="bbox 6 2570 1595 2651">
     <span class='ocr_line' id='line_1_27' title="bbox 6 2583 1595 2644; baseline 0 -14"><span class='ocrx_word' id='word_1_179' title='bbox 6 2587 11 2593; x_wconf 84' lang='lat'>&#39;</span> <span class='ocrx_word' id='word_1_180' title='bbox 63 2583 95 2615; x_wconf 60' lang='lat'><strong><em>³⁹</em></strong></span> <span class='ocrx_word' id='word_1_181' title='bbox 137 2585 448 2629; x_wconf 72' lang='lat' dir='ltr'><strong><em>commentariis</em></strong></span> <span class='ocrx_word' id='word_1_182' title='bbox 474 2585 684 2629; x_wconf 86' lang='lat' dir='ltr'><strong><em>illustrare</em></strong></span> <span class='ocrx_word' id='word_1_183' title='bbox 710 2587 982 2638; x_wconf 85' lang='lat' dir='ltr'><strong><em>contendent,</em></strong></span> <span class='ocrx_word' id='word_1_184' title='bbox 1014 2602 1111 2644; x_wconf 85' lang='lat' dir='ltr'><strong><em>quae</em></strong></span> <span class='ocrx_word' id='word_1_185' title='bbox 1142 2587 1186 2628; x_wconf 92' lang='lat' dir='ltr'><strong><em>in</em></strong></span> <span class='ocrx_word' id='word_1_186' title='bbox 1206 2586 1356 2629; x_wconf 89' lang='lat' dir='ltr'><strong><em>scholis</em></strong></span> <span class='ocrx_word' id='word_1_187' title='bbox 1375 2596 1419 2630; x_wconf 89' lang='lat' dir='ltr'><strong><em>et</em></strong></span> <span class='ocrx_word' id='word_1_188' title='bbox 1446 2588 1595 2631; x_wconf 88' lang='lat' dir='ltr'><strong><em>acade—</em></strong></span> 
     </span>
    </p>
   </div>
   <div class='ocr_carea' id='block_1_18' title="bbox 77 2675 1592 2737">
    <p class='ocr_par' dir='ltr' id='par_1_19' title="bbox 74 2675 1592 2737">
     <span class='ocr_line' id='line_1_28' title="bbox 77 2675 1592 2737; baseline 0.003 -18.992"><span class='ocrx_word' id='word_1_189' title='bbox 77 2675 87 2683; x_wconf 80' lang='grc'>”</span> <span class='ocrx_word' id='word_1_190' title='bbox 136 2675 232 2719; x_wconf 82' lang='lat' dir='ltr'><strong><em>miis</em></strong></span> <span class='ocrx_word' id='word_1_191' title='bbox 251 2686 431 2734; x_wconf 87' lang='lat' dir='ltr'><strong><em>recepta,</em></strong></span> <span class='ocrx_word' id='word_1_192' title='bbox 453 2677 568 2735; x_wconf 93' lang='lat' dir='ltr'><strong><em>quod</em></strong></span> <span class='ocrx_word' id='word_1_193' title='bbox 586 2677 702 2721; x_wconf 89' lang='lat' dir='ltr'><strong><em>haud</em></strong></span> <span class='ocrx_word' id='word_1_194' title='bbox 730 2679 848 2722; x_wconf 85' lang='lat' dir='ltr'><strong><em>vanis</em></strong></span> <span class='ocrx_word' id='word_1_195' title='bbox 877 2678 1065 2737; x_wconf 87' lang='lat' dir='ltr'><strong><em>auguriis</em></strong></span> <span class='ocrx_word' id='word_1_196' title='bbox 1095 2678 1174 2721; x_wconf 93' lang='lat' dir='ltr'><strong><em>sibi</em></strong></span> <span class='ocrx_word' id='word_1_197' title='bbox 1203 2678 1394 2735; x_wconf 88' lang='lat' dir='ltr'><strong><em>promisit</em></strong></span> <span class='ocrx_word' id='word_1_198' title='bbox 1427 2679 1592 2732; x_wconf 86' lang='lat' dir='ltr'><strong><em>author,</em></strong></span> 
     </span>
    </p>
   </div>
   <div class='ocr_carea' id='block_1_19' title="bbox 7 2756 1596 2828">
    <p class='ocr_par' dir='ltr' id='par_1_20' title="bbox 7 2752 1596 2832">
     <span class='ocr_line' id='line_1_29' title="bbox 7 2756 1596 2828; baseline 0.002 -16"><span class='ocrx_word' id='word_1_199' title='bbox 7 2805 10 2812; x_wconf 96' lang='lat'>.</span> <span class='ocrx_word' id='word_1_200' title='bbox 138 2766 292 2811; x_wconf 81' lang='lat' dir='ltr'><strong><em>debitis</em></strong></span> <span class='ocrx_word' id='word_1_201' title='bbox 317 2766 548 2811; x_wconf 86' lang='lat' dir='ltr'><strong><em>honoribus</em></strong></span> <span class='ocrx_word' id='word_1_202' title='bbox 576 2756 775 2826; x_wconf 86' lang='lat' dir='ltr'><strong><em>potietur.</em></strong></span> <span class='ocrx_word' id='word_1_203' title='bbox 834 2771 1127 2828; x_wconf 88' lang='lat' dir='ltr'><strong><em>Deprecamur</em></strong></span> <span class='ocrx_word' id='word_1_204' title='bbox 1156 2770 1327 2812; x_wconf 90' lang='lat' dir='ltr'><strong><em>interim</em></strong></span> <span class='ocrx_word' id='word_1_205' title='bbox 1359 2770 1596 2815; x_wconf 90' lang='lat' dir='ltr'><strong><em>Aristotelis</em></strong></span> 
     </span>
    </p>
   </div>
   <div class='ocr_carea' id='block_1_20' title="bbox 8 2852 1594 2919">
    <p class='ocr_par' dir='ltr' id='par_1_21' title="bbox 8 2850 1594 2919">
     <span class='ocr_line' id='line_1_30' title="bbox 8 2852 1594 2919; baseline 0.003 -18"><span class='ocrx_word' id='word_1_206' title='bbox 8 2852 13 2858; x_wconf 53' lang='grc'><strong>”</strong></span> <span class='ocrx_word' id='word_1_207' title='bbox 138 2857 431 2910; x_wconf 85' lang='lat' dir='ltr'><strong><em>infortunium,</em></strong></span> <span class='ocrx_word' id='word_1_208' title='bbox 463 2867 581 2902; x_wconf 79' lang='lat' dir='ltr'><strong><em>tanto</em></strong></span> <span class='ocrx_word' id='word_1_209' title='bbox 614 2859 894 2918; x_wconf 81' lang='lat' dir='ltr'><strong><em>interpretum</em></strong></span> <span class='ocrx_word' id='word_1_210' title='bbox 915 2860 1103 2903; x_wconf 88' lang='lat' dir='ltr'><strong><em>exercitu</em></strong></span> <span class='ocrx_word' id='word_1_211' title='bbox 1124 2861 1322 2918; x_wconf 89' lang='lat' dir='ltr'><strong><em>oppressi,</em></strong></span> <span class='ocrx_word' id='word_1_212' title='bbox 1344 2871 1394 2904; x_wconf 93' lang='lat' dir='ltr'><strong><em>ut</em></strong></span> <span class='ocrx_word' id='word_1_213' title='bbox 1412 2862 1594 2919; x_wconf 90' lang='lat' dir='ltr'><strong><em>philoso—</em></strong></span> 
     </span>
    </p>
   </div>
   <div class='ocr_carea' id='block_1_21' title="bbox 12 2948 1506 3012">
    <p class='ocr_par' dir='ltr' id='par_1_22' title="bbox 12 2939 1506 3012">
     <span class='ocr_line' id='line_1_31' title="bbox 12 2948 1506 3012; baseline 0.002 -18"><span class='ocrx_word' id='word_1_214' title='bbox 12 2975 13 2979; x_wconf 65' lang='lat'><em>=</em></span> <span class='ocrx_word' id='word_1_215' title='bbox 65 2951 96 3004; x_wconf 62' lang='lat' dir='ltr'><strong><em>&#39;J&#39;</em></strong></span> <span class='ocrx_word' id='word_1_216' title='bbox 137 2948 281 3008; x_wconf 67' lang='lat' dir='ltr'><strong><em>phium</em></strong></span> <span class='ocrx_word' id='word_1_217' title='bbox 299 2964 418 2994; x_wconf 85' lang='lat' dir='ltr'><strong><em>suam</em></strong></span> <span class='ocrx_word' id='word_1_218' title='bbox 436 2949 595 2994; x_wconf 86' lang='lat' dir='ltr'><strong><em>frivolis</em></strong></span> <span class='ocrx_word' id='word_1_219' title='bbox 613 2952 861 2995; x_wconf 88' lang='lat' dir='ltr'><strong><em>commentis</em></strong></span> <span class='ocrx_word' id='word_1_220' title='bbox 880 2953 1145 2996; x_wconf 88' lang='lat' dir='ltr'><strong><em>obscuratam</em></strong></span> <span class='ocrx_word' id='word_1_221' title='bbox 1160 2952 1230 2995; x_wconf 87' lang='lat' dir='ltr'><strong><em>vix</em></strong></span> <span class='ocrx_word' id='word_1_222' title='bbox 1249 2961 1506 3012; x_wconf 77' lang='lat' dir='ltr'><strong><em>agnosceret.</em></strong></span> 
     </span>
    </p>
   </div>
   <div class='ocr_carea' id='block_1_22' title="bbox 0 622 133 3262">
    <p class='ocr_par' dir='ltr' id='par_1_23' title="bbox 0 622 133 3262">
     <span class='ocr_line' id='line_1_32' title="bbox 0 622 133 3262; baseline 0 0"><span class='ocrx_word' id='word_1_223' title='bbox 0 622 133 3262; x_wconf 95' lang='lat' dir='ltr'><strong><em> </em></strong></span> 
     </span>
    </p>
   </div>
  </div>
 </body>
</html>
