1936 3262
226 386 342 418 PARS
360 386 387 418 I.

198 692 239 723 In
250 692 437 733 syllogismo

198 742 263 766 tres
278 742 403 766 tantum

199 783 275 810 sunt
290 779 428 811 termini.

222 2042 340 2082 Major,

221 2086 337 2123 minor,

223 2134 256 2159 et
268 2128 394 2159 medius

222 2172 391 2209 terminus,

223 2215 300 2245 item
315 2215 416 2254 major

225 2263 257 2288 et
271 2258 375 2288 minor

221 2301 395 2342 propositio

223 2344 301 2384 quid
315 2344 390 2375 sint.

225 2705 354 2736 Medius

225 2749 381 2780 terminus

226 2792 260 2822 in
275 2791 362 2822 omni

227 2834 413 2875 syllogismo

226 2878 318 2909 debet
337 2888 406 2909 esse

459 247 523 289 40
778 256 1129 290 COMPUTATIO
1157 257 1281 290 SIVE
1308 256 1523 290 LOGlCA.

461 383 659 431 corpus,
684 383 819 430 ergo,
851 367 1005 414 omnis
1029 367 1166 414 homo
1190 373 1266 414 est
1292 383 1490 431 corpus,
1527 365 1833 430 syllogismus

462 449 565 498 est3
603 443 833 506 quoniam
857 443 1006 490 tertia
1029 458 1088 490 ex
1111 442 1502 506 praecedentibus
1523 441 1759 505 sequitur,
1783 442 1835 490 id

462 525 552 577 est,
578 518 619 565 si
641 518 737 565 illae
758 533 887 565 verae
911 533 1016 564 esse
1042 518 1389 576 concedantur,
1411 517 1614 565 concedi
1636 532 1835 564 necesse

463 602 538 641 est
560 594 688 641 hanc
712 609 906 656 quoque
924 609 1091 640 veram
1115 609 1235 640 esse.

530 676 576 717 2.
613 670 687 717 Ex
725 669 911 716 duabus
949 676 1113 715 autem
1148 668 1564 731 propositionibus
1599 683 1708 730 quae
1736 674 1836 715 ter-

462 745 649 792 minum
695 759 1002 791 communem
1047 759 1148 791 non
1189 743 1372 790 habent
1414 741 1662 789 conclusio
1703 741 1838 790 nulla

461 820 696 883 sequitur,
738 835 898 882 neque
940 835 1057 882 ergo
1093 819 1151 866 fit
1187 818 1522 882 syllogismus3
1572 817 1671 864 sint
1706 817 1837 865 enim

459 896 690 959 quaelibet
727 895 835 942 duae
869 894 1133 958 praemissae
1168 894 1305 941 homo
1334 900 1410 940 est
1446 893 1647 952 animal,
1683 892 1837 940 arbor

458 977 536 1018 est
567 970 766 1034 planta,
804 970 960 1018 ambae
996 985 1157 1024 verae;
1195 968 1425 1031 quoniam
1461 975 1627 1015 tamen
1664 983 1724 1015 ex
1759 967 1836 1015 his

458 1062 560 1093 non
601 1045 847 1108 colligitur
870 1044 1105 1108 plantam
1142 1060 1318 1091 nomen
1359 1059 1464 1091 6556
1504 1051 1590 1091 aut
1624 1042 1836 1091 hominis

459 1129 546 1169 aut
581 1120 816 1167 hominem
852 1120 1051 1183 plantae,
1087 1136 1188 1166 non
1222 1135 1421 1166 necesse
1446 1126 1520 1166 est
1542 1127 1599 1166 ut
1622 1134 1738 1166 vera
1773 1118 1838 1166 sit

458 1196 597 1243 homo
621 1202 698 1242 est
713 1194 915 1258 planta.
986 1193 1322 1242 Corollarium.
1391 1193 1564 1256 Itaque
1603 1193 1656 1240 in
1691 1193 1837 1256 syllo-

458 1271 605 1333 gismi
619 1270 898 1334 praemissio
922 1277 1022 1317 tres
1042 1276 1236 1316 tantum
1259 1269 1458 1316 termini
1482 1284 1587 1316 6556
1609 1276 1833 1332 possunt.

527 1347 770 1393 Praeterea
806 1346 857 1392 in
894 1344 1206 1392 conclusione
1247 1344 1484 1392 terminus
1525 1343 1687 1391 nullus
1732 1359 1838 1391 esse

459 1428 626 1485 potest
650 1421 733 1484 qui
756 1437 857 1468 non
881 1420 1030 1467 fuerit
1054 1420 1106 1467 in
1128 1419 1420 1482 praemissis3
1458 1419 1557 1466 sint
1576 1419 1706 1466 enim
1729 1418 1838 1466 duae

459 1496 724 1559 praemissae
762 1495 993 1559 quaelibet
1024 1495 1162 1542 homo
1187 1501 1264 1541 est
1301 1493 1500 1552 animal,
1542 1493 1728 1541 animal
1761 1500 1838 1540 est

461 1588 662 1635 corpus,
688 1572 728 1618 si
752 1579 916 1618 tamen
941 1571 992 1618 in
1016 1570 1329 1617 conclusione
1348 1577 1561 1632 ponatur
1585 1570 1707 1618 611115
1731 1569 1839 1633 (1111-

459 1647 581 1694 libet
617 1647 871 1705 terminus,
904 1653 962 1692 ut
998 1645 1133 1692 homo
1175 1651 1251 1691 est
1292 1644 1450 1708 bipes,
1483 1645 1574 1692 etsi
1611 1660 1728 1692 vera
1758 1644 1839 1702 sit,

458 1738 560 1769 non
585 1729 751 1768 tamen
776 1737 836 1768 ex
858 1720 1119 1784 praemissis
1145 1719 1365 1782 sequitur
1385 1740 1397 1774 ;
1435 1736 1547 1767 cum
1571 1736 1631 1767 ex
1653 1720 1714 1767 115
1737 1735 1838 1768 non

460 1796 708 1860 colligitur
743 1812 922 1843 nomen
961 1794 1102 1858 bipes
1127 1794 1389 1842 convenire
1426 1795 1649 1849 homini;
1687 1811 1838 1858 quare

458 1887 627 1919 rursus
651 1871 703 1918 in
725 1885 1021 1933 unoquoque
1046 1869 1327 1933 syllogismo
1366 1869 1567 1917 termini
1603 1878 1705 1918 tres
1728 1878 1839 1918 tan·

460 1954 566 1994 tum
587 1954 716 1994 sunt.

528 2028 574 2069 3.
612 2022 805 2068 Horum
842 2021 1164 2068 terminorum
1197 2021 1354 2083 major
1389 2021 1486 2069 dici
1525 2021 1650 2069 solet
1678 2022 1720 2069 is
1754 2021 1838 2085 qui

462 2104 537 2144 est
560 2097 612 2144 in
636 2096 949 2144 conclusione
977 2096 1308 2160 praedicatum
1326 2115 1345 2151 ,·
1380 2097 1552 2155 minor,
1585 2097 1626 2144 is
1651 2097 1734 2159 qui
1763 2105 1840 2145 est

460 2173 511 2220 in
537 2172 849 2220 conclusione
873 2171 1156 2234 subjeetum,
1180 2171 1395 2234 reliquus
1415 2171 1602 2218 medius
1615 2179 1836 2231 vocatur,

459 2257 518 2295 ut
539 2248 591 2296 in
614 2248 709 2295 hoc
733 2246 1041 2310 syllogismo,
1077 2247 1212 2294 homo
1236 2253 1312 2294 est
1330 2246 1528 2305 animal,
1553 2246 1742 2294 animal
1761 2253 1838 2295 est

462 2339 661 2387 corpus,
688 2338 821 2385 ergo,
846 2322 981 2368 homo
1001 2328 1077 2369 est
1092 2338 1290 2385 corpus⁹
1307 2338 1489 2385 corpus
1508 2329 1583 2369 est
1598 2322 1837 2370 terminus

461 2399 634 2458 major,
677 2397 812 2444 homo
850 2396 1087 2444 terminus
1124 2397 1294 2454 minor,
1333 2403 1384 2443 et
1407 2396 1593 2443 animal
1631 2397 1834 2446 medius.

463 2475 589 2521 Item
624 2473 984 2536 praemissarum
1023 2488 1080 2519 ea
1107 2472 1159 2519 in
1190 2488 1286 2534 (1116
1321 2472 1564 2534 reperitur
1599 2473 1836 2520 terminus

463 2550 636 2612 major,
661 2548 818 2610 major
839 2547 1148 2611 propositio,
1187 2563 1245 2594 66
1269 2563 1377 2609 (11166
1401 2547 1550 2594 habet
1572 2547 1836 2595 terminum

462 2624 706 2680 minorem,
727 2622 883 2669 minor
898 2622 1185 2685 propositio
1210 2621 1405 2668 dicitur.

531 2704 578 2746 4.
616 2699 667 2746 si
702 2698 890 2745 medius
926 2697 1162 2744 terminus
1185 2713 1285 2744 non
1309 2697 1372 2744 sit
1395 2697 1446 2744 in
1468 2704 1677 2760 utraque
1711 2714 1836 2761 prae-

465 2774 613 2820 missa
664 2773 1014 2821 determinatus
1061 2771 1124 2819 ad
1177 2788 1322 2818 unam
1387 2771 1687 2835 eandemque
1731 2788 1837 2820 rem

466 2848 776 2911 singularem,
813 2847 1060 2895 conclusio
1098 2863 1157 2895 ex
1180 2846 1441 2910 praemissis
1465 2863 1564 2894 non
1589 2855 1834 2910 sequetur,
