1936 3262
408 275 461 316 liv
802 289 913 317 vrrAE
937 290 1180 318 HOBBIANAE
1203 291 1482 320 Aucumum.

407 397 633 439 admodum
660 399 794 440 bonus
813 399 1035 450 videbitur,
1073 401 1145 457 qui
1183 401 1397 444 Hobbesio
1431 400 1688 457 displicuerit
1699 415 1715 450 ς·
1752 400 1852 442 satis

408 488 606 539 eruditus,
629 503 754 545 quem
773 488 843 530 ille
855 489 1091 531 mortalium
1111 493 1365 543 ἀμαθέστατος
1381 490 1597 532 literarum
1609 489 1851 546 imperitum

408 578 684 621 affirmaverit.

470 674 497 695 ‘⁶
516 669 622 711 Haec
661 669 837 726 proinde
872 684 956 711 non
997 684 1094 711 eum
1129 670 1172 711 in
1206 670 1334 712 finem
1369 670 1481 712 dicta
1501 678 1612 720 sunt,
1629 677 1677 711 ut
1695 668 1852 711 furioso

408 759 567 802 homini
587 758 769 809 satisfiat,
791 758 863 801 sed
883 768 930 800 ut
947 758 1154 816 intelligat
1171 759 1300 802 lector
1329 760 1488 803 nullam
1518 759 1747 810 Hobbesio,
1772 773 1850 802 nec

408 848 602 900 historiae‚
639 864 715 891 nec
748 849 985 899 academiae,
1026 863 1102 890 nec
1140 850 1285 905 generi
1322 849 1518 900 humano,
1560 848 1759 906 quicquid
1797 864 1851 892 ex

408 939 578 981 adverso
609 938 804 981 inclamet
832 942 989 982 chartae
1013 941 1197 994 famosae
1229 943 1419 996 scriptor,
1457 940 1655 996 injuriam
1683 939 1850 990 factam,

409 1031 522 1087 quod
561 1030 715 1072 dictata
745 1030 823 1071 viri
856 1029 1051 1086 pestifera
1084 1029 1302 1079 notaverit,
1339 1030 1628 1080 etobnoxias,
1665 1039 1713 1072 ut
1745 1029 1851 1071 nihil

407 1121 574 1177 gravius
608 1120 758 1171 dicam,
795 1120 874 1162 sibi
906 1119 1159 1162 blandientis
1191 1119 1411 1170 Hobbesii,
1440 1128 1514 1161 aut
1547 1119 1706 1162 domini
1734 1119 1774 1163 J.
1795 1119 1850 1161 A.

408 1210 551 1252 laudes
584 1210 878 1252 Universitatis
912 1209 1163 1251 Oxoniensis
1197 1208 1417 1250 annalibus
1451 1209 1589 1259 inseri,
1626 1209 1706 1252 nisi
1735 1210 1852 1266 prius

1309 1298 1526 1340 Hactenus
1541 1297 1623 1341 ille.

409 1301 639 1357 castigatas,
661 1315 747 1342 non
767 1300 1001 1356 permiserit
1021 1299 1192 1341 editor.’'

468 1391 663 1433 Hobbius
699 1400 840 1433 autem
875 1400 965 1432 tum
1000 1389 1251 1432 conscientia
1286 1389 1467 1445 propria,
1508 1399 1599 1432 tum
1633 1389 1851 1432 doctorum

409 1482 651 1523 testimoniis
667 1481 763 1524 satis
783 1481 924 1532 fretus,
942 1496 1036 1523 cum
1057 1480 1214 1522 decano
1234 1479 1511 1521 contentionis
1535 1479 1677 1522 fimem
1698 1480 1851 1524 ducere

409 1573 624 1622 recusavit,
655 1573 851 1614 ulteriore
885 1587 1080 1628 responso
1110 1571 1371 1628 dedignatus.
1435 1570 1681 1627 Suspicandi
1710 1579 1850 1613 tamen

408 1678 550 1704 :msam
571 1663 839 1718 arripuerunt
858 1661 1063 1712 nonnulli,
1087 1661 1307 1703 Hobbium
1335 1676 1361 1702 a
1388 1660 1546 1702 decano
1576 1670 1662 1703 tam
1690 1660 1852 1702 duriter

410 1754 613 1804 habitum,
645 1769 694 1796 eo
724 1754 861 1795 minus
890 1754 932 1794 in
962 1753 1070 1794 libro
1097 1755 1158 1796 De
1181 1754 1304 1794 Bello
1327 1754 1455 1794 Civili
1474 1753 1704 1807 Anylicano
1732 1764 1850 1792 suam

414 1845 467 1885 de
487 1843 676 1886 doctrina
696 1852 738 1885 et
757 1843 960 1900 regimine
979 1841 1215 1883 academico
1235 1840 1484 1882 sententiam
1507 1839 1796 1882 dissimulasse.

465 1934 639 1986 [Obiter
675 1943 813 1975 autem
847 1941 894 1974 ut
920 1946 1124 1981 moneam,
1160 1930 1212 1972 de
1244 1930 1430 1972 censorio
1458 1930 1500 1971 in
1522 1930 1715 1972 authores
1736 1931 1848 1986 jure,

409 2024 630 2066 videantur
652 2024 706 2066 R.
732 2023 780 2065 P.
801 2023 980 2065 Jacobus
1002 2022 1223 2064 Gretserus
1252 2035 1275 2062 e
1300 2021 1390 2062 Soc.
1410 2020 1493 2062 Jes.
1523 2020 1631 2062 libro
1660 2020 1714 2062 de
1736 2021 1848 2077 jure,

409 2114 547 2164 modo,
588 2122 631 2155 et
665 2127 781 2154 more
814 2110 1076 2168 prohibendi,
1115 2110 1376 2167 expurgandi
1410 2119 1453 2152 et
1489 2110 1684 2152 abolendi
1721 2110 1850 2153 libros

408 2204 554 2246 noxios
586 2213 629 2245 et
663 2202 901 2245 haereticos:
936 2202 988 2243 R.
1009 2201 1056 2243 P.
1075 2201 1298 2257 Theophili
1335 2201 1557 2257 Raynaudi
1578 2201 1620 2243 S.
1637 2200 1677 2243 J.
1699 2200 1849 2243 Erote-

409 2304 521 2336 mata
535 2294 588 2336 de
602 2293 720 2336 malis
735 2308 783 2335 ac
798 2293 917 2336 bonis
936 2292 1064 2343 libris,
1079 2292 1214 2349 deque
1228 2293 1342 2348 justa
1356 2301 1429 2336 aut
1447 2291 1601 2348 injusta
1618 2290 1848 2333 eorundem

409 2385 667 2427 confixione:
701 2384 754 2426 R.
777 2384 826 2426 P.
850 2383 1059 2425 Antonius
1078 2383 1322 2424 Possevinus
1347 2383 1388 2425 S.
1403 2382 1443 2425 J.
1463 2382 1507 2424 in
1524 2381 1787 2432 bibliotheca,
1805 2389 1848 2423 et

408 2475 516 2517 libro
556 2475 608 2517 de
647 2475 810 2517 cultura
848 2474 1124 2531 ingeniorum,
1164 2489 1241 2515 nec
1279 2487 1364 2515 non
1402 2473 1506 2515 varii
1538 2471 1847 2528 pontificiorum

412 2566 575 2608 Indices
608 2565 870 2622 prohibitorii
907 2574 950 2606 et
987 2564 1280 2621 expurgatorii,
1319 2563 1582 2620 Hispanicus,
1617 2562 1844 2612 Romanus,

412 2656 721 2708 Tridentinus]

469 2746 629 2788 Eodem
641 2762 751 2788 anno
770 2748 892 2797 1674,
909 2746 1034 2787 etiam
1053 2745 1140 2786 seni
1159 2759 1266 2800 pene
1285 2743 1578 2800 nonagenario,
1611 2742 1845 2784 faventibus

412 2837 560 2888 Musis,
591 2838 718 2880 libros
746 2838 905 2895 aliquot
938 2853 989 2879 ex
1023 2836 1196 2879 Homeri
1228 2839 1424 2892 Odyssea,
1455 2834 1663 2891 specimen
1691 2832 1844 2889 integri

408 2929 541 2985 operis
564 2929 778 2971 Homerici
798 2942 896 2971 mox
915 2927 1132 2984 prodituri,
1154 2926 1374 2969 vernaculo
1404 2939 1593 2968 sermone
1612 2922 1843 2980 evulgavit3
