1936 3262
471 234 562 276 130
856 244 1228 278 PHILOSOPHIA
1255 245 1444 278 PRIMA.

245 357 361 390 PARS
384 358 432 390 11-
469 354 623 402 altera
655 370 746 403 nec
786 357 942 419 major
982 372 1074 404 nec
1105 355 1269 403 >minor
1315 371 1420 404 esse
1465 361 1646 418 potest.
1721 353 1834 404 Non

252 424 416 470 *es—2
470 430 599 477 enirn
648 447 747 478 una
790 431 1040 494 aequalitas
1086 433 1241 495 major
1287 440 1373 479 aut
1418 431 1579 478 minor
1624 435 1699 478 est
1741 429 1837 479 alia

185 494 333 526 Rationis
352 494 447 525 arith-

183 538 309 569 meticae
324 542 356 568 et
377 547 449 578 geo-

468 506 762 568 aequalitate.
834 507 903 554 At
943 506 1147 554 duarum
1188 507 1436 554 rationum
1475 504 1834 568 inaequalitatis,

182 581 323 611 metficae
336 586 449 611 natura
468 582 568 629 sive
592 597 661 629 eae
692 582 907 629 rationes
938 582 1037 630 sint
1069 598 1293 630 excessus
1332 582 1432 629 sive
1469 580 1705 639 defectUS,
1738 595 1837 628 una

185 629 216 654 et
229 624 437 656 definitiones.

466 658 561 706 alia
592 665 756 720 potest
791 673 894 704 esse
928 657 1006 705 vel
1046 658 1202 721 major
1234 658 1312 705 vel
1345 657 1520 715 minor,
1565 655 1643 703 vel
1682 655 1838 704 ambae

463 733 689 795 aequales.
759 733 887 780 Nam
911 733 1003 780 etsi
1027 733 1125 780 sint
1153 732 1418 796 propositae
1449 731 1559 779 duae
1592 729 1837 793 magnitu-
1901 791 1904 794 v

464 808 601 856 dines
624 808 754 855 inter
777 824 828 855 se
855 808 1133 870 inaequales,
1167 814 1374 870 possunt
1407 814 1574 854 tamen
1602 820 1707 852 esse
1729 804 1835 854 aliae

464 884 573 932 duae
596 883 766 945 magis,
792 883 897 930 aliae
921 883 1028 930 duae
1051 898 1205 944 aeque,
1232 882 1337 929 aliae
1373 882 1482 929 duae
1516 880 1677 928 minus
1707 879 1836 928 inter

465 975 515 1006 se
572 958 834 1021 inaequales
891 974 1036 1020 quam
1081 957 1197 1020 ipsae
1249 956 1531 1020 propositae.
1620 955 1696 1003 Ex
1739 970 1834 1018 quo
1877 970 1879 972 ’

463 1034 754 1097 intelligitur
777 1033 1017 1081 rationem
1040 1040 1143 1080 tam
1175 1047 1419 1088 excessus,
1446 1047 1593 1093 quam
1617 1030 1835 1079 defectus

466 1126 570 1157 esse
608 1109 949 1171 quantitatem,
993 1109 1172 1171 quippe
1210 1123 1319 1170 quae
1357 1106 1561 1170 suscipit
1595 1105 1751 1169 magis
1785 1111 1836 1153 et
1890 1129 1893 1133 ·

463 1185 660 1239 minus;
713 1184 956 1231 rationem
1012 1190 1175 1230 autem
1219 1181 1529 1244 aequalitatis,
1579 1181 1693 1243 quia
1735 1195 1836 1228 non

463 1259 666 1322 suscipit
696 1259 850 1322 magis
884 1275 976 1306 nec
1003 1259 1188 1317 minus,
1217 1257 1544 1320 quantitatem
1577 1271 1679 1304 non
1715 1271 1842 1303 esse4

461 1336 634 1398 Itaque
679 1334 894 1382 rationes
939 1332 1287 1396 inaequalitatis
1332 1347 1476 1395 posse
1523 1330 1667 1379 simul
1706 1329 1835 1387 addi,

458 1411 537 1458 vel
592 1426 740 1457 unam
785 1410 846 1456 ab
892 1409 987 1456 alio
1039 1408 1203 1467 adimi,
1260 1406 1338 1455 vel
1384 1406 1513 1453 inter
1558 1421 1609 1453 se
1655 1412 1704 1453 et
1748 1420 1836 1468 per
1883 1400 1895 1404 ’“

459 1501 717 1533 numerum
760 1483 1073 1546 multiplicari
1118 1490 1169 1530 et
1209 1481 1374 1540 dividi,
1421 1481 1636 1528 rationes
1678 1496 1842 1543 aequae-

459 1561 612 1608 litatis
635 1576 736 1608 non
759 1559 893 1606 item.

526 1641 572 1682 4.
610 1636 730 1682 Duae
754 1634 968 1681 rationes
1003 1632 1212 1695 aequales
1246 1631 1476 1678 dicuntur
1511 1629 1836 1680 communiter

460 1710 594 1758 ratio
633 1710 804 1757 eadem
823 1727 841 1763 ;
891 1709 1158 1770 dicuntque
1202 1706 1406 1754 eandem
1450 1721 1554 1753 esse
1595 1705 1836 1753 rationem

459 1785 605 1848 primi
642 1784 977 1832 antecedentis
1019 1783 1082 1830 ad
1111 1782 1322 1845 primum
1365 1795 1685 1842 consequens,
1728 1795 1842 1842 quae·

461 1860 661 1907 secundi
707 1857 1043 1906 antecedentis
1090 1857 1153 1904 ad
1198 1871 1501 1918 consequens
1553 1854 1832 1902 secundum.

459 1936 524 1982 Et
573 1942 784 1997 quatuor
835 1932 1197 1997 magnitudines
1253 1931 1324 1981 ita
1378 1946 1430 1978 se
1491 1930 1728 1978 habentes
1782 1930 1837 1978 in

460 2009 650 2057 ratione
679 2008 979 2072 geometrica
1015 2007 1244 2054 dicuntur
1269 2003 1699 2069 proportionales,
1723 2011 1774 2052 et
1805 2020 1836 2052 a

462 2084 753 2147 quibusdam
775 2083 987 2140 brevius,
1013 2080 1365 2145 analogismzw.
1884 2124 1887 2125 γ

529 2160 691 2222 Major
733 2166 899 2206 autem
943 2157 1069 2204 ratio
1109 2163 1185 2204 est
1228 2155 1354 2203 ratio
1395 2154 1593 2217 majoris
1640 2161 1840 2202 antece—v
1883 2153 1892 2159 ‘'

465 2234 625 2282 dentis
674 2233 735 2282 ad
781 2233 911 2280 idem
957 2245 1276 2292 consequens,
1318 2229 1396 2277 vel
1441 2228 1658 2291 ejusdem
1697 2235 1833 2276 ante-

465 2310 680 2358 cedentis
705 2309 768 2356 ad
802 2322 1105 2370 consequens
1140 2305 1333 2359 minus3
1370 2310 1421 2352 et
1453 2303 1648 2366 quando
1679 2303 1841 2366 major

465 2393 539 2432 est
556 2384 682 2432 ratio
700 2383 844 2446 primi
868 2381 1201 2429 antecedentis
1221 2379 1284 2426 ad
1301 2379 1513 2442 primum
1532 2391 1832 2440 consequens

465 2476 612 2521 quam
651 2457 852 2506 secundi
889 2456 1223 2504 antecedentis
1257 2454 1320 2501 ad
1357 2444 1630 2501 secundum*
1665 2467 1839 2500 conse--

465 2550 636 2596 quens,
661 2540 871 2595 quatuor
903 2530 1263 2594 magnitudines
1288 2529 1359 2577 ita
1393 2544 1444 2576 se
1470 2528 1706 2576 habentes
1737 2525 1838 2574 dici?

464 2616 671 2672 possunt
694 2606 1105 2671 hyperlogismm.

533 2684 699 2732 Minor
734 2682 859 2729 ratio
893 2688 968 2728 est
996 2680 1122 2727 ratio
1163 2678 1365 2726 minoris
1397 2676 1730 2726 antecedentis
1770 2674 1835 2723 ad

467 2759 597 2806 idem
649 2771 967 2819 consequens,
1011 2754 1089 2802 vel
1135 2753 1352 2816 ejusdem
1396 2751 1730 2800 antecedentis
1770 2748 1835 2797 ad,

469 2848 771 2896 consequens
816 2831 986 2893 majus.
1090 2827 1299 2877 Quando
1345 2835 1510 2876 autem
1555 2827 1715 2874 minor
1758 2830 1839 2872 est
