1910 3256
171 366 286 398 PARS
303 367 373 400 1v.’

237 412 290 442 30.

173 502 224 533 De
240 513 335 535 causa

172 546 297 577 virtutis

172 590 371 630 magneticae.

411 244 508 286 428
638 288 645 294 ,
973 256 1226 291 PHYSICA.

411 371 555 413 terrae
593 366 858 414 visceribus
904 368 1153 415 concrevit
1197 384 1411 431 magnes,
1458 376 1645 417 motum
1684 370 1784 418 sive

412 448 641 488 conatum
673 458 702 489 a
730 450 905 490 natura
939 458 1039 501 sua,
1074 459 1162 506 per
1194 444 1373 500 lineam
1408 460 1509 507 prae
1547 445 1784 494 brevitate

411 515 718 575 invisibilem,
743 518 936 576 habere,
961 525 1016 565 ut
1039 518 1184 565 modo
1210 518 1393 566 dictum
1418 526 1492 566 est
1512 518 1571 566 de
1589 528 1781 583 gagate,

411 588 730 654 reciprocum,
749 609 849 640 una
872 592 965 640 erit
987 592 1039 640 in
1061 600 1267 656 utroque
1289 592 1449 656 lapide
1476 595 1783 645 attractionis

411 682 568 713 causa.
637 667 709 715 Ea
739 669 840 730 jam
874 683 1020 715 causa
1059 683 1155 730 quo
1190 668 1334 715 modo
1370 675 1418 715 et
1459 663 1629 717 ordine
1669 685 1783 733 ope-

410 741 551 788 randi
565 743 906 790 attractionem
924 743 1086 800 efficit,
1106 744 1420 806 quaerendum
1436 752 1525 792 est.
1595 745 1783 794 Scimus

410 832 498 878 per
519 817 857 876 vibrationem,
884 817 935 864 id
959 826 1047 876 est,
1073 834 1161 881 per
1183 826 1371 866 motum
1402 835 1546 882 super
1580 820 1782 869 eandem

410 899 596 939 rectam
618 893 937 955 reciprocum,
961 893 1068 940 fieri
1091 900 1146 941 ut
1168 910 1266 941 una
1288 894 1405 957 lyrae
1430 894 1613 942 chorda
1627 896 1781 958 pulsa,

410 967 506 1014 alia
548 983 803 1016 moveatur
847 969 1116 1016 vibratione
1172 969 1331 1027 simili,
1386 970 1532 1018 modo
1577 970 1782 1019 similem

408 1043 586 1090 habeat
616 1043 903 1091 tensionem.
975 1043 1164 1091 Scimus
1193 1044 1338 1091 etiam
1367 1044 1512 1092 faeces
1538 1046 1783 1095 arenulas-

411 1134 505 1180 que
528 1118 578 1164 in
601 1117 753 1165 fundo
777 1119 903 1166 vasis
928 1119 1245 1177 subsidentes,
1261 1126 1399 1167 motu
1422 1136 1620 1169 summae
1643 1137 1783 1185 aquae

407 1193 628 1240 baculive
661 1194 924 1256 agitatione
949 1194 1066 1242 forti
1098 1203 1148 1242 et
1170 1195 1420 1258 reciproco
1453 1212 1482 1243 a
1503 1195 1672 1255 fundo,
1699 1213 1782 1244 ex-

408 1268 564 1316 citari.
635 1269 768 1317 Quid
789 1270 840 1316 ni
859 1269 1009 1332 igitur
1029 1277 1078 1317 et
1096 1277 1258 1317 motus
1273 1271 1551 1334 reciprocus
1569 1273 1782 1334 partium

408 1344 664 1407 magnetis,
690 1344 844 1392 simile
863 1345 1110 1407 quippiam
1127 1345 1276 1392 faciat
1293 1346 1344 1393 in
1361 1346 1600 1394 movendo
1618 1346 1780 1395 ferro?

410 1419 657 1482 Siquidem
691 1420 819 1467 enim
843 1420 894 1466 in
926 1428 1152 1482 magnete
1183 1427 1346 1467 motus
1381 1421 1657 1484 reciprocus
1681 1422 1803 1470 sive'

407 1495 504 1542 itus
528 1496 806 1559 reditusque
829 1496 1041 1559 partium
1076 1504 1393 1559 supponatur,
1419 1504 1646 1560 sequetur
1668 1498 1781 1547 inde

408 1571 612 1619 similem
636 1579 822 1619 motum
841 1572 1100 1634 propagari
1123 1588 1209 1634 per
1233 1589 1394 1619 aerem
1425 1589 1578 1635 usque
1601 1573 1665 1620 ad
1685 1573 1781 1621 fer-

406 1663 531 1706 rum,
577 1647 784 1710 ideoque
825 1647 915 1709 ipsi
946 1647 1075 1693 ferro
1109 1655 1158 1694 et
1191 1648 1389 1710 singulis
1424 1648 1526 1710 ejus
1562 1649 1780 1710 partibus

406 1722 563 1770 ituum
587 1723 926 1785 redituumque
946 1722 1138 1770 easdem
1157 1723 1312 1779 inesse
1326 1723 1468 1770 vices.
1539 1723 1781 1786 Sequetur

405 1805 570 1862 autem
592 1798 707 1845 hinc
731 1814 908 1855 aerem,
934 1797 1015 1859 qui
1034 1805 1137 1844 erat
1154 1797 1282 1844 inter
1301 1797 1511 1860 lapidem
1534 1804 1582 1845 et
1596 1798 1779 1846 sermm

405 1874 736 1932 intermedius,
773 1872 1007 1936 paulatim
1047 1872 1374 1920 exterminari.
1443 1872 1778 1925 Exterminato

405 1956 567 1996 autem
603 1964 728 2006 aere,
760 1963 964 2010 corpora
993 1948 1236 2010 magnetis
1272 1955 1322 1994 et
1355 1947 1471 1994 ferri
1505 1949 1776 1996 necessario

405 2025 783 2087 conjunguntur.
867 2023 1024 2070 Causa
1074 2039 1189 2085 ergo
1240 2022 1481 2085 possibilis
1533 2039 1681 2086 quare
1728 2032 1778 2072 et

404 2115 603 2161 magnes
626 2098 825 2156 ferrum,
851 2106 899 2145 et
922 2106 1124 2160 gagates
1156 2098 1317 2160 paleas
1346 2098 1410 2145 ad
1432 2113 1482 2144 se
1510 2099 1777 2156 attrahunt,

404 2186 478 2222 est
509 2182 670 2222 motus
707 2173 918 2236 partium
956 2174 1172 2235 corporis
1208 2173 1445 2220 trahentis
1482 2189 1624 2236 super
1663 2190 1778 2222 ean-

404 2250 515 2298 dem
538 2257 722 2297 rectam
756 2249 834 2296 vel
867 2265 954 2312 per
986 2249 1164 2296 lineam
1199 2249 1461 2312 ellipticam
1484 2248 1775 2311 reciprocus,

403 2325 597 2388 quando
634 2326 684 2372 in
719 2325 865 2373 tracti
903 2332 1080 2372 natura
1114 2324 1269 2371 motui
1305 2324 1392 2372 tali
1427 2323 1559 2371 nulla
1592 2332 1667 2372 est
1699 2341 1775 2373 re-

400 2401 684 2463 pugnantia.

470 2476 634 2524 Quare
675 2484 837 2523 autem
883 2491 1099 2537 magnes,
1141 2475 1190 2521 si>
1227 2475 1400 2522 subere
1437 2473 1587 2521 fultus
1629 2490 1768 2537 aquae

400 2551 550 2598 libere
575 2558 870 2614 supernatet,
895 2551 945 2597 in
970 2566 1259 2613 quocunque
1288 2550 1382 2596 situ
1410 2549 1598 2611 positus
1628 2549 1774 2597 collo-

402 2627 532 2673 cabit
555 2643 605 2673 se
628 2626 698 2673 ita
720 2626 771 2672 in
794 2625 939 2688 plano
963 2625 1234 2683 meridiani,
1259 2633 1315 2671 ut
1348 2641 1455 2687 quae
1480 2624 1772 2686 quiescentis

399 2701 551 2764 ipsius
581 2708 766 2764 puncta
798 2701 936 2763 polos
970 2708 1114 2748 terrae
1150 2707 1371 2763 spectant
1398 2716 1497 2747 uno
1535 2707 1772 2762 tempore,

400 2777 570 2824 eadem
589 2776 784 2824 eosdem
801 2776 938 2838 polos
954 2775 1123 2838 quovis
1142 2775 1236 2823 alio
1256 2783 1474 2838 tempore
1492 2775 1768 2836 respicient,

398 2868 546 2899 causa
569 2868 672 2899 esse
695 2860 871 2914 potest,
898 2851 1029 2913 quod
1051 2859 1228 2909 motus,
1258 2866 1402 2913 quem
1431 2850 1637 2897 diximus
1659 2865 1770 2914 parf
1790 2877 1792 2880 >
