1936 3262
242 385 358 417 PARS
381 387 428 420 ΙΙ.

301 431 351 460 14.

186 511 273 543 Situs
285 515 402 546 similis

183 555 264 594 quis,
281 557 383 598 figura

182 598 271 637 quid,
287 607 318 631 et
332 601 446 641 figurae

182 641 304 690 similes
318 654 388 685 quae

183 688 260 716 sint.

474 263 562 316 174
865 282 1239 316 PHILOSOPHIA
1268 285 1458 318 PRIMA.

468 387 744 438 differentia
763 399 837 439 est
862 393 912 439 in
951 394 1292 443 distantiarum
1327 396 1679 460 magnitudine.
1748 399 1848 450 Sed

466 478 554 525 per
587 464 819 513 similium
858 468 1194 516 definitionem
1231 487 1338 533 quae
1372 470 1555 520 tradita
1578 479 1654 520 est.
1685 475 1844 538 capite

468 553 528 585 11.
554 547 646 587 art.
672 547 719 598 2,
751 557 859 603 quae
895 543 998 590 sola
1026 545 1365 606 magnitudine
1404 546 1636 595 differunt
1658 547 1844 598 similia

464 622 594 661 sunt.
649 615 849 664 Habent
887 633 1003 680 ergo
1024 626 1210 681 puncta
1233 621 1292 678 A,
1320 621 1374 679 B,
1402 621 1441 668 C
1471 621 1619 670 situm
1641 622 1772 671 inter
1793 640 1844 673 se

464 688 669 737 similem
689 692 792 754 ejus
818 709 961 754 quem
985 694 1167 742 habent
1191 703 1376 758 puncta
1398 697 1454 753 E,
1481 696 1531 755 F,
1557 697 1631 752 G;
1666 697 1719 746 id
1753 707 1842 759 est,

462 764 684 814 similiter
706 767 868 829 posita
892 776 1006 816 sunt
1026 789 1038 823 ;
1076 770 1205 831 quod
1230 778 1335 817 erat
1354 770 1677 833 probandum.

525 846 604 888 22.
643 842 821 905 Figura
867 851 941 891 est
988 846 1251 906 quantitas,
1299 853 1595 909 punctorum
1641 862 1840 896 suorum

460 922 790 964 extremorum
814 918 1031 965 omnium
1062 919 1159 967 situ
1197 920 1297 968 sive
1331 921 1576 983 positione
1612 921 1840 971 determi-

457 997 589 1038 nata.
624 992 857 1040 Extrema
874 1001 1038 1040 autem
1057 1010 1180 1042 voco
1199 1003 1383 1057 puncta
1397 995 1495 1054 illa,
1513 1011 1621 1058 quae
1637 1003 1838 1047 externo

458 1065 567 1113 loco
601 1075 716 1114 sunt
751 1068 999 1131 contigua.
1071 1070 1245 1132 Itaque
1269 1070 1320 1117 in
1339 1070 1470 1118 linea
1501 1078 1551 1118 et
1582 1073 1838 1134 superficie

458 1149 642 1202 puncta
666 1143 830 1190 omnia
861 1151 1080 1191 extrema
1103 1153 1234 1203 sunt,
1254 1144 1305 1192 in
1331 1145 1486 1192 solido
1510 1161 1625 1193 vero
1648 1155 1834 1209 puncta

458 1217 748 1277 superficiei,
768 1218 898 1265 intra
920 1235 1066 1281 quam
1087 1220 1295 1267 solidum
1316 1219 1599 1278 includitur,
1625 1222 1801 1270 omnia.

523 1291 587 1338 Et
624 1291 804 1339 similes
840 1293 1012 1356 figurae
1047 1302 1176 1353 sunt,
1214 1311 1420 1357 quarum
1453 1303 1639 1358 puncta
1672 1298 1835 1346 omnia
1899 1331 1914 1358 ,·

456 1373 676 1414 extrema
720 1367 864 1415 unius
912 1368 1134 1416 similiter
1180 1377 1295 1417 sunt
1341 1370 1503 1432 posita
1547 1386 1605 1418 ac
1649 1380 1834 1434 puncta

457 1442 620 1489 omnia
667 1449 885 1490 extrema
925 1443 1139 1491 alterius.
1209 1444 1455 1492 Differunt
1495 1445 1625 1493 enim
1662 1446 1832 1509 figurae

454 1516 577 1564 tales
602 1517 705 1565 sola
723 1518 1075 1580 magnitudine.

522 1592 711 1640 Similes
737 1602 901 1640 autem
924 1595 1095 1657 figurae
1119 1594 1342 1643 similiter
1364 1595 1538 1658 positae
1564 1584 1696 1655 sunt,
1717 1613 1829 1646 cum

449 1666 704 1730 utriusque
728 1669 898 1730 figurae
922 1676 1070 1716 rectae
1109 1669 1399 1732 homologae,
1442 1669 1494 1716 id
1533 1678 1622 1726 est,
1660 1679 1827 1732 rectae,

447 1758 558 1804 quae
582 1750 883 1790 connectunt
906 1751 1090 1805 puncta
1113 1752 1410 1807 comparata,
1435 1745 1678 1807 parallelae
1698 1755 1827 1796 sunt.
1873 1747 1876 1750 ’

512 1817 576 1864 Et
591 1818 821 1880 quoniam
844 1826 981 1866 recta
1005 1819 1161 1866 omnis
1186 1820 1319 1867 omni
1341 1827 1505 1878 rectae,
1527 1827 1578 1867 et
1599 1821 1827 1884 planities

443 1891 680 1953 planitiei,
699 1892 814 1940 dum
832 1891 1059 1955 planities
1074 1900 1267 1941 tantum
1284 1894 1634 1953 consideretur,
1657 1895 1826 1945 similis

444 1973 540 2021 est;
567 1967 777 2029 cognitis
795 1967 1049 2026 linearum,
1065 1984 1174 2030 quae
1188 1969 1349 2031 plana,
1364 1969 1442 2017 vel
1459 1971 1826 2032 superficierum

444 2057 553 2104 quae
589 2042 744 2089 solida
777 2042 1050 2100 includunt,
1085 2044 1502 2106 proportionibus,
1528 2060 1824 2107 cognoscere

441 2133 505 2164 an
527 2118 687 2180 figura
708 2117 974 2180 propositae
996 2119 1167 2181 figurae
1191 2119 1360 2167 similis
1384 2119 1448 2166 sit
1468 2135 1535 2177 an
1559 2119 1821 2181 dissimilis,

439 2208 541 2240 non
566 2199 640 2240 est
665 2192 874 2240 difficile.

508 2268 763 2316 Hactenus
787 2268 839 2315 in
872 2269 1182 2332 philosophia
1214 2270 1373 2332 prima
1404 2270 1586 2317 versati
1621 2286 1818 2320 sumusz

436 2343 690 2406 proximus
724 2344 860 2391 locus
890 2345 1172 2407 geometriae
1208 2353 1298 2401 est,
1333 2345 1384 2392 in
1423 2361 1518 2407 qua
1551 2346 1819 2409 figurarum

439 2419 739 2481 quantitates
765 2434 826 2466 ex
850 2419 1088 2466 linearum
1111 2420 1511 2482 proportionibus
1544 2427 1594 2468 et
1626 2422 1816 2484 angulis

436 2494 809 2557 investigantur.
879 2495 968 2542 Est
990 2495 1156 2557 itaque
1184 2496 1503 2557 geometriam
1525 2511 1815 2558 aggressuro

437 2585 545 2631 quae
587 2569 651 2616 sit
687 2569 993 2631 quantitatis,
1029 2569 1377 2632 proportionis,
1419 2570 1725 2633 angulorum,
1762 2580 1815 2620 *et

435 2645 606 2707 figurae
650 2652 841 2703 natura,
883 2644 1413 2707 praecognoscendum:
1462 2653 1512 2693 et
1550 2653 1813 2709 propterea

435 2720 676 2782 capitibus
723 2720 879 2767 tribus
934 2719 1154 2783 proxime
1198 2720 1588 2782 praecedentibus
1642 2737 1811 2770 eorum

432 2802 633 2842 naturas
671 2795 935 2858 explicatas
971 2794 1294 2857 Philosophiae
1329 2796 1516 2858 primae,
1550 2812 1696 2860 quam
1729 2797 1810 2846 hic

431 2869 646 2929 dimitto,
671 2870 1006 2933 adjungendas
1032 2885 1137 2918 esse
1156 2870 1389 2933 judicavi.
