1910 3256
452 240 546 282 390
1010 253 1261 288 PHYSICA.

209 365 324 440 ΡΑΙὲξ
344 364 399 396 IV·
453 360 595 407 simul
631 362 846 409 omnium
884 371 956 410 est
991 364 1309 412 restitutionis
1349 364 1654 428 principium.
1724 364 1819 412 Re-

228 431 399 478 z-l—-aen
452 443 587 482 moto
611 452 727 499 ergo
762 437 1123 500 impedimento,
1160 439 1214 486 id
1241 447 1327 498 est,
1352 440 1399 487 vi
1423 455 1519 502 qua
1539 439 1665 486 flexa
1685 446 1821 487 tene-

451 512 612 570 batur,
635 513 931 560 restituetur.
990 515 1158 562 Motus
1177 522 1339 562 autem
1356 515 1583 578 partium,
1608 529 1705 576 quo
1724 513 1821 561 hoc

453 587 523 645 fit,
547 586 626 634 ille
652 595 741 645 est,
767 604 911 650 quem
936 589 1274 652 supposuimus
1294 590 1560 652 simplicem
1583 588 1822 647 esse,·sive

454 662 504 709 in
523 677 573 709 se
596 662 896 710 redeuntem.
946 664 1154 712 Quando
1180 681 1295 727 ergo
1319 665 1370 712 in
1389 664 1613 712 flectione
1630 663 1823 711 laminae

455 737 615 800 capita
650 739 752 800 ejus
788 738 1111 798 adducuntur,
1140 740 1210 798 fit,
1242 756 1301 787 ex
1322 756 1421 788 una
1444 739 1640 804 quidem
1668 745 1823 802 parte,

455 814 749 875 compressio
785 815 1132 877 particularum
1167 823 1351 875 mutua,
1394 816 1478 880 qui
1514 821 1716 863 conatus
1749 821 1825 861 est

456 888 652 935 conatui
693 890 997 945 contrarius;
1034 907 1094 938 ex
1130 890 1284 938 altera
1323 898 1476 954 parte,
1514 891 1571 938 fit
1609 888 1824 956 particu-

456 963 612 1010 larum
649 963 868 1011 divulsio.
952 965 1168 1012 Conatus
1207 981 1322 1028 ergo
1367 965 1730 1029 particularum,
1765 965 1826 1013 ab

456 1054 554 1085 una
582 1044 736 1099 parte,
762 1039 922 1087 tendit
943 1040 1006 1087 ad
1028 1040 1221 1088 laminae
1244 1041 1599 1088 restitutionem
1620 1056 1651 1087 a
1666 1038 1828 1087 medio

458 1129 623 1160 versus
647 1114 821 1176 capita,
847 1117 982 1178 cujus
1006 1117 1204 1164 effectus
1232 1123 1306 1164 est
1327 1124 1398 1175 ut,
1417 1133 1477 1164 ex
1499 1116 1652 1164 altera
1672 1121 1827 1178 parte,

459 1188 710 1250 particulae
751 1198 988 1238 conentur
1033 1208 1062 1238 a
1108 1192 1344 1254 capitibus
1386 1192 1450 1240 ad
1493 1191 1739 1246 medium;
1787 1189 1827 1236 is

461 1264 610 1326 igitur
634 1271 852 1324 conatus,
878 1282 988 1313 cum
1013 1267 1076 1314 sit
1098 1267 1417 1315 restitutionis
1441 1266 1670 1330 perfectae
1695 1265 1829 1329 prin-

462 1339 656 1402 cipium,
698 1348 887 1388 remoto
934 1341 1282 1404 impedimento
1323 1343 1552 1390 laminam
1592 1339 1827 1388 restituet.

462 1415 620 1462 Causa
656 1431 772 1478 ergo
818 1417 1058 1478 explicata
1094 1425 1167 1465 est
1210 1417 1468 1480 possibilis,
1514 1431 1663 1480 quare
1705 1416 1832 1464 flexa
1886 1433 1888 1435 ·

463 1490 685 1553 quaedam
708 1507 758 1537 se
784 1492 1047 1539 restituunt
1067 1514 1078 1548 ;
1115 1509 1222 1554 quae
1246 1500 1351 1540 erat
1374 1491 1672 1555 explicanda.

528 1566 734 1628 Lapides
769 1574 933 1613 autem
957 1583 1067 1614 cum
1101 1584 1160 1615 ex
1182 1567 1345 1615 multis
1380 1567 1647 1614 durissimis
1681 1566 1830 1630 parti-—

464 1640 585 1687 culis
621 1642 710 1688 sub
734 1649 915 1688 terram
937 1643 1057 1690 fiant
1078 1659 1166 1705 per
1188 1643 1527 1702 accretionem,
1552 1659 1660 1706 quae
1681 1642 1831 1706 parti-

466 1716 587 1763 culae
606 1716 764 1763 minus
784 1724 932 1775 arcte,
956 1717 1008 1764 id
1031 1725 1118 1775 est,
1144 1718 1410 1766 secundum
1433 1718 1644 1766 minores
1667 1733 1834 1780 super-

467 1791 601 1838 ficies
646 1791 772 1838 inter
817 1808 868 1839 se
914 1794 1174 1852 cohaerent,
1221 1802 1271 1841 et
1314 1793 1518 1856 proinde
1570 1793 1835 1841 admittunt

467 1867 728 1928 particulas
760 1868 917 1915 aeris:
952 1885 1149 1916 necesse
1190 1877 1278 1927 est,
1317 1869 1432 1916 dum
1467 1869 1744 1927 flectuntur,
1778 1876 1835 1916 ut

467 1941 706 1988 difficilius
740 1942 929 1990 interne
961 1944 1342 2006 comprimantur
1373 1944 1435 1991 ob
1464 1943 1705 1990 duritiem.
1770 1943 1835 1991 Et

465 2016 694 2078 quoniam
718 2017 873 2065 laxius
902 2018 1029 2065 inter
1054 2015 1104 2066 se
1137 2019 1398 2077 cohaerent,
1430 2019 1603 2066 laxatis
1635 2026 1835 2066 externe

464 2091 714 2155 particulis
730 2091 877 2151 duris,
901 2100 1064 2155 partes
1084 2109 1238 2141 aereae
1255 2093 1527 2142 necessario
1546 2101 1805 2157 erumpunt
1814 2114 1835 2149 .;

466 2167 597 2214 unde
622 2174 780 2215 totum
804 2168 963 2216 subito
988 2169 1298 2232 diffringitur.

217 2249 421 2290 Diaphanum
541 2249 615 2290 13.
664 2242 920 2305 Diaphana
954 2245 1258 2306 appellantur
1298 2260 1356 2292 ea
1389 2260 1608 2307 corpora,
1643 2244 1695 2291 in
1729 2260 1836 2306 quae

216 2298 449 2377 ζῑιιῗῖἶῖᾞὶῑε.
470 2335 581 2366 cum
604 2327 758 2381 agunt
790 2319 913 2366 radii
945 2320 1161 2383 corporis
1184 2320 1348 2379 lucidi,
1373 2320 1501 2367 actio
1537 2319 1836 2382 singulorum

469 2394 715 2442 radiorum
732 2393 802 2441 ita
822 2410 909 2456 per
932 2410 989 2441 ea
1010 2402 1320 2458 propagatur,
1334 2403 1392 2442 ut
1414 2395 1622 2442 eundem
1645 2401 1836 2442 servent

469 2470 599 2517 inter
641 2484 692 2516 se
735 2468 971 2527 ordinem,
1013 2470 1090 2516 vel
1135 2471 1237 2532 ejus
1282 2470 1541 2517 inversum.
1627 2469 1837 2532 Ideoque

467 2561 664 2593 necesse
705 2551 794 2603 est,
835 2551 891 2591 ut
933 2561 1138 2608 corpora
1181 2545 1395 2608 perfecte
1449 2545 1690 2608 diaphana
1735 2545 1839 2592 sint

471 2621 619 2668 etiam
645 2620 861 2683 perfecte
887 2621 1204 2683 homogenea.
1275 2621 1472 2679 Contra,
1511 2637 1716 2684 opacum
1749 2626 1837 2678 est,

471 2696 524 2743 in
546 2696 682 2759 quod
715 2695 840 2742 radii
872 2696 1158 2754 incidentes,
1182 2704 1385 2759 propter
1406 2703 1632 2743 naturam
1654 2695 1840 2742 hetero-

473 2787 691 2833 geneam,
718 2771 984 2818 innumeris
1011 2772 1355 2819 reflexionibus
1383 2770 1842 2832 refractionibusque

473 2846 524 2893 in
569 2846 821 2909 particulis
862 2846 1182 2896 diversimode
1219 2846 1439 2909 figuratis
1485 2845 1843 2908 inaequaliterve
