1936 3262
482 250 553 284 DE
580 249 918 294 ERRATmNE,
945 245 1062 282 E'rc.
1403 239 1459 281 51

97 384 147 420 a·
182 377 247 410 ex
263 360 362 410 illis
379 377 471 410 nos
489 382 501 417 ;
537 378 698 425 neque
715 363 888 421 nubes,
913 361 1002 410 sed
1018 375 1110 408 nos
1129 374 1191 407 ex
1208 360 1315 407 visa
1332 359 1463 407 nube
1525 364 1643 398 PARS
1668 367 1696 400 1.

90 441 96 490 f
138 437 289 487 viam
314 437 667 523 promittimus.
737 437 1001 486 Erroribus
1029 436 1197 499 itaque
1233 434 1317 497 qui
1346 451 1464 482 eon·
1534 462 1721 483 »Ὓό

127 535 134 556 ι
154 534 173 573 ;
230 521 276 562 ·t
297 529 367 561 ex
391 513 545 578 signis
568 513 876 562 naturalibus
902 519 1206 577 occurretur,
1227 509 1387 574 primo
1413 517 1464 558 et

57 590 69 604 “’
116 596 188 638 te
203 589 652 649 ratiocinationem,
670 589 712 637 si
726 589 791 637 ad
807 587 1092 652 hujusmodi
1111 586 1466 650 conjecturalia

80 660 412 730 '‘lamparemus
435 681 527 714 nos
550 673 788 728 tanquam
808 665 1125 729 ignorantes·
1113 700 1126 720 ,
1174 662 1352 715 deinde
1376 678 1466 726 per

82 740 517 810 ν 11001111113101111111.
575 741 880 790 Proveniunt
899 740 1032 789 enim
1046 756 1077 788 a
1096 738 1294 788 defectu
1312 739 1465 787 ratio-

58 814 115 883 ]3!
131 817 350 867 ·ationis.
421 816 602 866 Caeteri
629 832 821 866 errores
851 816 936 880 qui
966 816 1017 866 in
1056 814 1466 875 affirmationibus

143 891 494 958 negationibus
518 892 798 941 consistunt
835 892 908 954 (id
931 899 1007 940 est
1029 891 1220 940 falsitas
1241 891 1466 954 proposi-

75 968 284 1032 ‘onum)
309 979 475 1033 pravae
497 967 890 1017 ratiocinationis
914 967 1037 1015 vitia
1059 974 1190 1015 sunt.
1288 967 1363 1014 De
1387 966 1464 1014 his

62 1100 64 1111 Ι
85 1043 224 1093 'tur
243 1050 304 1092 ut
326 1043 412 1108 qui
440 1042 766 1108 philosophiae
798 1042 1047 1091 contraria
1076 1049 1193 1090 sunt
1215 1042 1464 1106 praecipue

61 1118 337 1178 {scendum
359 1127 451 1168 est.
1483 1127 1613 1169 Septem
1627 1128 1715 1159 modi

62 1191 65 1196 ‘
136 1202 184 1245 2.
219 1196 426 1244 Errores
464 1195 550 1260 qui
573 1195 872 1258 contingunt
895 1194 1027 1242 inter
1049 1194 1462 1253 ratiocinandum,
1480 1171 1724 1252 ξῖᾭῗζῗᾷωἶ,

85 1294 108 1315 ιι
145 1279 237 1331 est,
273 1271 406 1320 inter
443 1270 868 1336 syllogizandum;
907 1270 987 1318 vel
1018 1270 1070 1318 in
1099 1270 1306 1333 alicujus
1337 1286 1464 1333 prae-
1481 1259 1727 1344 25¹ssi³2⁰⁸s¹g¹ssffi

85 1372 107 1392 ιι
122 1347 233 1396 ’ssae
278 1347 512 1406 falsitate,
552 1346 633 1394 vel
671 1346 725 1394 in
770 1345 991 1396 illatione
1038 1346 1332 1393 consistunt.
1404 1347 1462 1394 In
1480 1346 1561 1377 falsa
1576 1350 1632 1378 est·

84 1424 229 1472 mimo
253 1438 388 1483 casu,
422 1423 760 1488 syllogismum
793 1437 1001 1485 peecare
1026 1421 1199 1469 dieunt
1221 1422 1461 1477 materia;

84 1521 109 1544 ιι
145 1499 379 1559 seeundo,
403 1499 577 1548 forma.
649 1497 1082 1546 Considerabimus
1113 1497 1273 1560 primo
1307 1505 1462 1545 mate-

87 1575 130 1610 ;·.
157 1596 210 1635 ιι,
235 1574 413 1638 quibus
445 1574 636 1623 seilicet
662 1572 822 1621 modis
854 1573 1130 1637 propositio
1154 1573 1320 1636 aliqua
1341 1573 1465 1621 falsa

84 1667 179 1700 -:se
199 1650 374 1716 possit,
408 1650 586 1698 deinde
616 1649 842 1708 formam,
877 1655 928 1696 et
960 1647 1138 1712 quibus
1161 1648 1321 1696 modis
1345 1665 1465 1696 con-

78 1727 108 1769 ἰ
125 1727 239 1792 ugit,
261 1725 458 1790 quando
476 1725 744 1790 praemissae
764 1731 881 1772 sunt
898 1739 1044 1784 verae,
1064 1724 1338 1773 illationem
1357 1740 1464 1772 esse

87 1818 173 1853 on
195 1818 379 1852 veram.

140 1878 390 1930 Quoniam
420 1877 580 1926 omnis
614 1876 889 1940 propositio
917 1891 1036 1924 vera
1061 1883 1137 1924 est
1159 1893 1248 1940 per
1283 1893 1390 1940 cap.
1417 1883 1463 1936 3,

99 1977 106 1997 ι
155 1993 166 2004 .
191 1956 239 2015 7,
262 1954 316 2003 in
338 1970 437 2018 qua
459 1952 755 2017 copulantur
779 1952 877 2000 duo
899 1951 1104 2010 nomina
1131 1952 1352 2016 ejusdem
1375 1953 1464 2012 rei,

87 2053 109 2074 ιε
147 2047 196 2080 a
230 2038 398 2079 autem
433 2029 485 2078 in
518 2045 616 2093 qua
650 2028 854 2077 nomina
887 2028 1119 2091 copulata
1160 2028 1466 2077 diversarum

64 2114 239 2173 terum
262 2113 394 2166 sunt,
419 2113 542 2170 quot
564 2105 724 2153 modis
749 2104 996 2168 contingit
1014 2105 1217 2154 nomina
1236 2106 1467 2170 copulata

72 2175 176 2246 mn
218 2198 328 2231 esse
374 2182 595 2247 ejusdem
636 2181 724 2241 rei,
767 2181 978 2229 totidem
1014 2181 1173 2229 modis
1213 2181 1338 2230 falsa
1378 2183 1466 2229 fiet

66 2278 95 2314 5‘
142 2258 361 2323 positio.

66 2351 95 2389 13>
139 2334 326 2383 Rerum
343 2342 511 2382 autem
525 2333 893 2382 nominatarum
906 2348 1091 2397 genera
1105 2340 1318 2395 quatuor
1333 2343 1464 2395 sunt,

78 2409 304 2458 -'-'mirum
349 2426 587 2475 corpora,
634 2407 942 2466 accidentia,
981 2407 1367 2472 phantasmata,
1415 2418 1466 2458 et

76 2539 87 2551 ‚⁷
117 2508 126 2527 ι
184 2486 271 2542 ina
295 2485 428 2551 ipsa.
505 2485 723 2549 Itaque
710 2502 763 2533 1n
795 2484 931 2533 omni
957 2499 1076 2532 vera
1107 2486 1465 2549 propositione,

73 2609 79 2646 ἶ
121 2577 274 2610 cesse
297 2569 374 2610 est
405 2561 608 2610 nomina
632 2560 863 2629 eopulata
885 2559 964 2608 vel
987 2560 1132 2608 ambo
1158 2577 1263 2609 esse
1288 2579 1467 2628 eorpo-

75 2650 92 2704 g
118 2653 199 2697 m,
222 2637 302 2686 vel
324 2637 470 2686 ambo
497 2636 845 2693 accidentium,
869 2635 949 2684 vel
973 2636 1117 2684 ambo
1139 2636 1467 2700 phantasma-

75 2709 153 2778 f
168 2747 192 2774 ,
215 2712 295 2761 vel
313 2713 458 2761 ambo
477 2713 735 2761 nominum.
805 2712 1024 2761 Nomina
1040 2712 1184 2760 aliter
1202 2715 1469 2778 conjuncta

102 2787 432 2846 „cohaerentia
477 2803 584 2837 esse
633 2796 684 2836 et
730 2788 1032 2839 constituere
1078 2789 1469 2852 propositionem

179 2881 264 2912 111.
335 2865 505 2912 Potest
549 2865 699 2913 etiam
740 2864 1031 2927 contingere
1071 2872 1127 2912 ut
1168 2881 1349 2915 nomen
1396 2868 1469 2916 rei

83 2935 94 2987 f
1248 2956 1278 2989 E
1305 2948 1334 2990 ‘2
