1910 3256
629 234 700 268 DE
728 234 1055 268 GRAVITATE.
1448 228 1543 270 423

160 342 276 391 titas
333 344 732 407 corpusculorum
785 344 1037 403 durorum,
1087 345 1326 408 simulque
1383 355 1546 394 motus
1592 355 1706 387 PARS
1734 356 1792 388 IV

161 434 332 466 eorum
355 419 691 479 intendentur,
717 428 954 484 quantum
981 421 1109 469 ferre
1143 427 1306 484 potest
1341 422 1545 470 canonis
1589 400 1772 469 -39-2
1835 470 1842 488 x

159 495 393 551 materia3
429 503 546 543 ante
568 512 684 544 vero
710 512 854 559 quam
890 496 1147 560 frangatur
1182 512 1355 555 canon,
1391 497 1546 545 latera

160 570 266 633 ejus
279 570 604 634 undequaque
628 572 690 619 ab
715 572 1005 620 exituriente
1023 588 1134 620 aere
1153 571 1415 620 fortissime
1435 580 1543 620 ten-

159 652 345 695 tantur.
395 646 608 694 Necesse
633 662 750 710 ergo
766 655 854 706 est,
871 647 987 695 dato
1012 647 1163 706 exitu,
1178 655 1235 695 ut
1258 648 1546 711 corpuscula

142 721 245 770 *illa
277 721 584 770 velocissimo
622 731 760 771 motu
796 723 847 771 in
883 723 1046 770 locum
1079 723 1291 771 liberum
1320 724 1547 772 exeuntia

160 798 439 847 obstantem
474 798 675 862 globum
707 815 872 847 secum
910 799 1150 847 auferant.
1222 798 1543 846 Reddidimus

158 889 280 938 ergo
303 873 449 937 hujus
470 874 782 938 phaenomeni
806 890 1001 922 causam
1026 874 1318 959 possibilem.

233 956 307 999 12.
341 949 520 1009 Etiam,
563 958 735 999 contra
775 967 922 1014 quam
959 950 1118 998 solent
1156 950 1340 1014 gravia,
1377 965 1545 998 ascen-
1565 950 1632 1024 ⁰²31}
1779 970 1790 977 ·

160 1025 234 1075 dit
271 1042 402 1090 aqua
433 1027 486 1074 in
520 1026 887 1085 thermometro,
929 1026 1015 1074 sed
1049 1041 1160 1074 aere
1192 1026 1401 1090 frigidm
1434 1041 1550 1074 nam
1564 1004 1634 1068 th‘ssr
1601 1047 1686 1068 erem
1634 960 1734 1068 ξέἒΞὲ
1723 960 1811 1069 {10¹¹

159 1102 433 1151 calescente
479 1119 645 1151 rursus
688 1103 954 1151 descendit.
1036 1103 1157 1151 Inde
1195 1103 1546 1150 thermometro

158 1187 211 1227 et
230 1179 593 1244 thermoscopio
631 1180 804 1243 organi
835 1195 1016 1227 nomen
1054 1179 1337 1242 impositum
1372 1186 1459 1236 est,
1495 1175 1571 1224 in*

159 1271 256 1319 quo
293 1256 468 1304 caloris
506 1265 557 1304 et
597 1256 793 1320 frigoris
827 1264 1173 1303 mensurantur
1204 1263 1254 1302 et
1289 1255 1546 1317 signantur

156 1332 357 1395 gradus,
390 1358 394 1362 -
425 1333 543 1396 Ejus
579 1332 767 1380 fabrica
798 1331 909 1379 talis
947 1338 1050 1378 est:
1087 1330 1150 1378 sit
1184 1330 1435 1378 vasculum
1474 1329 1545 1390 (in

156 1409 318 1472 figura
358 1409 409 1470 5)
459 1409 504 1456 A
520 1409 560 1456 B
577 1408 691 1467 CD,
735 1424 874 1471 aquae
918 1407 1151 1471 plenum;
1202 1405 1544 1470 cylindrusque

157 1501 306 1533 cavus
330 1484 514 1532 vitreus
546 1485 586 1532 E
601 1485 638 1531 F
653 1484 711 1542 G,
728 1484 936 1531 clausus
967 1483 1030 1530 ad
1053 1483 1108 1541 E,
1145 1490 1342 1545 apertus
1376 1480 1439 1528 ad
1474 1480 1543 1534 G;

158 1561 244 1625 qui
267 1560 532 1609 calefactus
556 1560 853 1608 immittatur
879 1567 1070 1606 erectus
1093 1558 1144 1605 in
1180 1573 1358 1620 aquam
1393 1556 1456 1604 ad
1490 1557 1542 1614 F,

155 1637 496 1702 pertineatque
520 1636 584 1684 ad
606 1636 663 1684 G.
735 1635 847 1684 Quo
871 1634 1018 1692 facto,
1045 1634 1391 1697 refrigescente
1424 1648 1544 1695 pau-

88 1716 90 1718 ’
155 1713 295 1761 latim
318 1728 447 1771 aere,
472 1728 600 1775 aqua
630 1712 682 1759 in
704 1711 878 1760 tubum
906 1710 1140 1774 paulatim
1169 1708 1400 1757 ascendet
1422 1708 1483 1755 ab
1508 1708 1546 1754 F

156 1804 326 1837 versus
347 1789 404 1847 E,
430 1788 587 1836 donec
606 1786 806 1835 tandem
828 1794 1036 1848 utroque
1060 1801 1172 1833 aere
1196 1793 1303 1832 tum
1326 1792 1544 1842 externo,

157 1871 266 1913 tum
288 1864 484 1912 interno
515 1862 768 1926 aequaliter
805 1869 1096 1925 temperato,
1132 1876 1291 1923 neque
1326 1859 1546 1907 ascendit

157 1940 381 2004 amplius,
423 1955 599 2003 neque,
641 1938 737 1986 nisi
773 1938 899 1986 aeris
936 1944 1128 1984 mutata
1170 1936 1422 1999 temperie,
1465 1935 1546 1982 de-

157 2016 376 2065 scendet.
447 2014 691 2063 Subsistat
710 2029 827 2077 ergo
852 2013 1132 2075 ubicunque
1155 2011 1220 2059 ad
1234 2013 1300 2059 H.
1372 2011 1423 2058 Si
1441 2012 1544 2074 jam

133 2090 292 2140 ‘calor
337 2090 463 2138 aeris
502 2096 758 2153 augeatur,
800 2105 930 2151 aqua
971 2089 1031 2136 ab
1075 2088 1123 2135 H
1163 2086 1453 2141 descendet;
1504 2086 1544 2134 si

156 2168 422 2226 minuatur,
470 2165 755 2214 elevabitur.
845 2164 994 2228 Cujus
1040 2164 1112 2211 rei
1158 2162 1430 2211 certissima
1469 2170 1544 2210 est

157 2243 478 2309 experientia,
502 2257 649 2290 causa
670 2249 837 2288 tamen
861 2240 1021 2288 adhuc
1045 2239 1296 2303 quaeritur.

224 2321 491 2369 Ostensum
515 2325 603 2376 est,
623 2334 730 2381 cap.
756 2332 967 2365 xxvnl.
984 2324 1076 2364 art.
1093 2321 1123 2363 6
1149 2323 1199 2363 et
1223 2317 1270 2373 7,
1294 2314 1379 2362 ubi
1398 2329 1544 2361 causa

155 2396 354 2462 frigoris
377 2394 584 2459 quaesita
606 2402 696 2451 est,
722 2409 928 2457 corpora
950 2392 1137 2454 liquida
1158 2390 1410 2454 frigidiora
1436 2389 1543 2437 fieri

2 2482 19 2546 {s
155 2465 359 2538 propter
397 2487 560 2519 aerem
597 2470 713 2533 ipsis
735 2470 1116 2526 incumbentem,
1140 2468 1192 2515 id
1214 2474 1303 2525 est,
1341 2473 1543 2530 propter

156 2556 465 2599 constantem
493 2554 696 2594 ventum
730 2545 838 2608 ipsa
873 2543 1288 2606 comprimentem.
1357 2540 1541 2588 Eadem

3 2636 18 2684 ᾗ
72 2683 75 2685 ,
156 2626 220 2674 de
252 2640 403 2674 causa
439 2622 680 2687 premitur
715 2637 855 2683 aquae
891 2619 1042 2667 totius
1079 2617 1357 2682 superficies
1394 2616 1458 2664 ad
1488 2617 1540 2663 F.

158 2701 257 2750 Sed
292 2717 390 2764 quo
425 2715 594 2763 pressa
631 2697 846 2755 recedat,
877 2696 1013 2743 locus
1036 2694 1197 2742 nullus
1235 2700 1322 2752 est,
1362 2692 1455 2740 nisi
1489 2692 1541 2739 in

157 2793 279 2826 cavo
302 2776 411 2825 tubi
428 2776 558 2824 inter
583 2775 631 2822 H
653 2781 703 2821 et
719 2774 775 2821 E.
822 2773 893 2820 Eo
918 2788 1035 2836 ergo
1054 2770 1326 2818 necessario
1348 2768 1541 2832 cogitur

157 2870 189 2903 a
208 2853 407 2917 frigore,
433 2859 482 2900 et
505 2849 710 2915 proinde
730 2848 952 2896 ascendit
975 2863 1103 2910 aqua
1124 2845 1280 2908 magis
1304 2844 1538 2902 minusve,
