1910 3256
423 250 431 256 ·
463 241 558 284 360
1021 251 1273 286 PHYsmA.

220 365 272 395 ΡΛ
283 365 334 394 Rs
350 364 405 395 lv.

285 409 334 439 26.

183 499 288 530 Causa

182 542 400 582 praecessiouis

181 586 444 626 aequinoxiorum.

463 362 593 409 orbis
634 379 660 410 c
699 363 898 426 propius
944 362 1007 410 ad
1027 362 1084 426 j}
1127 369 1271 425 atque
1308 362 1428 410 adeo
1470 370 1645 412 totum⁴
1665 363 1832 412 orbem
1868 396 1872 413 ;

462 452 692 500 magnum
714 437 992 500 propiorem
1005 436 1227 494 faciendo
1245 437 1309 484 ad
1332 436 1605 499 eclipticam
1627 439 1831 486 fixarum
1870 439 1872 442 ’

462 527 627 559 versus
666 528 704 557 <a
744 519 899 570 tanto,
942 518 1124 574 quanta
1159 520 1233 559 est
1264 519 1398 559 recta
1420 529 1447 559 c
1463 513 1494 560 ε’.
1564 513 1692 560 Nam
1721 529 1832 560 cum
1879 533 1882 536 ·

463 594 596 635 totus
621 587 750 635 orbis
781 602 985 649 magnus
1018 586 1082 633 sit
1104 585 1258 632 instar
1280 586 1451 648 puncti
1482 586 1546 634 ad
1574 587 1832 635 immanem
1879 632 1884 643 ,

461 661 740 710 distantiam
764 663 987 719 fixarum,
1016 668 1117 708 tam
1139 669 1275 708 recta
1309 679 1347 703 Δ
1367 682 1403 711 φ
1438 678 1583 724 quam
1599 670 1735 710 recta
1756 679 1788 709 a
1803 662 1832 709 b

460 739 511 785 in
530 738 697 785 eadem
713 744 897 800 puncta
915 736 1134 784 incident
1153 737 1355 799 sphaerae
1368 739 1589 794 fixarum,
1604 737 1832 786 nimirum

460 813 712 876 productae
741 813 855 859 hinc
888 811 949 859 ad
973 811 1166 858 initium
1190 811 1387 870 Arietis,
1411 812 1525 859 inde
1557 811 1619 859 ad
1641 812 1832 860 initium

459 888 632 937 Librae.
719 887 812 934 His
851 887 1038 950 positis,
1085 887 1148 933 sit
1192 894 1337 934 terrae
1379 887 1612 935 diameter
1653 903 1762 935 mn>
1781 887 1833 935 in

459 963 605 1025 plano
626 979 724 1010 suae
744 963 929 1010 orbitae.
973 962 1059 1018 Ea,
1080 961 1120 1009 si
1137 969 1270 1017 terra
1285 970 1563 1009 moveretur
1581 962 1633 1009 in
1651 962 1832 1010 circulo

460 1038 695 1100 eclipticae
735 1054 764 1085 a
798 1046 938 1084 motu
972 1037 1085 1084 solis
1126 1037 1341 1100 simplice
1376 1038 1506 1084 circa
1540 1044 1762 1085 centrum
1797 1036 1832 1096 i,

459 1119 709 1159 teneretur
747 1112 934 1174 sibique
971 1120 1021 1159 et
1052 1119 1200 1159 rectae
1234 1111 1314 1175 gl
1350 1127 1538 1175 semper
1575 1112 1831 1175 parallela;

460 1203 608 1249 quare
665 1203 812 1245 nunc,
860 1203 970 1234 cum
1014 1187 1199 1234 feratur
1253 1203 1342 1250 per
1394 1187 1833 1235 circumferentiam

459 1262 681 1324 ellipseos
705 1268 842 1309 extra
857 1261 1144 1324 eclipticam,
1167 1268 1403 1325 punctum
1417 1279 1448 1309 n
1470 1262 1522 1309 in
1537 1269 1642 1309 toto
1659 1262 1832 1309 itinere

457 1353 546 1399 per
570 1353 608 1377 Δ
625 1350 667 1387 vs>
687 1358 724 1386 m
748 1336 983 1399 procedet
1005 1337 1056 1384 in
1078 1337 1265 1384 minore
1290 1337 1489 1395 circulo,
1512 1353 1658 1399 quam
1678 1352 1832 1400 punc-

456 1419 561 1459 tum
586 1428 646 1469 m,
685 1419 735 1458 et
764 1411 970 1474 proinde
994 1411 1371 1474 parallelismum
1403 1428 1514 1460 cum
1547 1419 1684 1460 recta
1726 1422 1763 1456 vs
1787 1428 1828 1454 π
1864 1415 1877 1422 ’“

458 1487 623 1534 statim
661 1494 718 1533 ut
746 1486 918 1549 incipit
946 1487 1146 1545 moveri,
1185 1488 1392 1546 amittet,
1421 1487 1492 1535 ita
1522 1497 1579 1535 ut
1595 1503 1691 1535 mn
1718 1504 1831 1551 pro-

459 1562 608 1609 ducta
641 1570 825 1610 rectam
845 1562 923 1626 gl
954 1562 1243 1625 productam
1274 1562 1472 1610 tandem
1504 1569 1724 1610 secatura
1754 1563 1831 1611 sit.

456 1637 519 1684 Et
541 1637 646 1684 vice
670 1653 824 1694 versa,
851 1637 1014 1684 statim
1046 1653 1102 1684 ac
1126 1653 1216 1684 mn
1249 1637 1541 1700 praeterierit
1574 1655 1629 1695 φ,
1665 1637 1833 1685 eadem
1871 1672 1876 1690 2

456 1729 501 1758 m
523 1729 569 1770 n,
612 1712 893 1759 ambulante
940 1721 1071 1759 terra
1115 1713 1166 1759 in
1212 1712 1426 1775 elliptica
1469 1712 1597 1759 linea
1640 1712 1835 1761 interna

456 1804 499 1834 m
517 1787 538 1833 l
554 1804 610 1845 Δ,
634 1787 874 1849 producta
887 1786 950 1833 ad
965 1794 1155 1849 partem
1178 1803 1222 1834 m
1245 1795 1429 1834 rectam
1452 1787 1474 1834 l
1481 1803 1523 1850 g
1543 1787 1832 1849 productam
1852 1822 1856 1827 -

457 1851 680 1909 secatura
719 1862 796 1909 sit.
869 1862 1087 1924 Cumque
1130 1869 1261 1908 terra
1296 1869 1451 1909 totam
1484 1862 1587 1909 fere
1622 1862 1832 1911 orbitam

456 1937 720 1995 transierit,
758 1936 907 1985 faciet
941 1952 1108 1984 rursus
1144 1953 1189 1983 m
1204 1954 1235 1983 n
1265 1953 1376 1984 cum
1405 1945 1542 1984 recta
1565 1953 1595 1984 a
1617 1945 1788 1986 centro
1813 1939 1832 1986 i

455 2012 688 2075 angulum
725 2019 930 2070 rectum,
970 2012 1115 2076 paulo
1153 2012 1278 2059 citra
1310 2011 1470 2060 locum
1493 2011 1624 2059 unde
1646 2013 1830 2061 moveri

456 2087 620 2150 coepit.
691 2087 766 2134 Ibi
801 2103 917 2150 ergo
954 2079 1177 2149 proximo
1214 2103 1343 2134 anno
1380 2087 1474 2134 erit
1513 2102 1551 2126 Δ·
1593 2095 1830 2150 punctum

456 2163 793 2225 aequinoctiale
816 2178 983 2220 unum,
1012 2162 1239 2209 nimirum
1264 2178 1415 2225 prope
1437 2163 1585 2209 finem
1618 2176 1674 2218 ¹¹12,
1710 2163 1829 2221 alte<-

454 2254 563 2284 rum
607 2253 675 2296 *ex
722 2237 925 2285 adverso
973 2237 1067 2294 erit
1107 2237 1195 2284 sub
1241 2238 1389 2284 finem
1430 2253 1484 2287 x.
1553 2238 1716 2301 Atque
1760 2238 1833 2286 ita¹

455 2311 713 2374 quotannis
746 2312 1031 2359 relabuntur
1065 2318 1263 2374 puncta,
1301 2312 1352 2359 in
1377 2311 1550 2374 quibus
1574 2312 1676 2360 dies
1710 2329 1828 2360 noc-

452 2395 621 2451 tesque
644 2389 770 2434 fiunt
793 2386 1018 2449 aequales.
1065 2387 1154 2434 Est
1172 2395 1335 2434 autem
1354 2394 1515 2434 motus
1538 2387 1619 2435 ille
1640 2388 1824 2447 tardus,
1887 2446 1895 2451 *-

454 2463 633 2526 quippe
658 2462 790 2525 quod
812 2478 941 2510 anno
965 2462 1157 2524 integro
1195 2462 1412 2525 relapsus
1437 2462 1501 2510 sit
1524 2462 1825 2511 solummodo

452 2538 749 2585 minutorum
771 2537 1039 2600 primorum
1071 2543 1126 2583 51
1152 2555 1161 2583 :
1202 2537 1284 2599 qui
1324 2537 1557 2600 relapsus,
1599 2553 1711 2585 cum
1741 2539 1826 2586 fiat

454 2621 626 2660 contra
649 2612 869 2660 ordinem
892 2612 1156 2674 signorum,
1177 2611 1410 2674 appellari
1427 2611 1551 2659 solet
1566 2613 1823 2675 praecessio

452 2689 884 2751 aequinoctiomm3
921 2689 1057 2750 cujus
1090 2703 1287 2741 causam
1322 2703 1380 2734 ex
1414 2694 1528 2735 ante
1563 2688 1824 2751 suppositis

450 2765 748 2812 reddidimus
771 2763 1077 2827 possibilem:
1114 2762 1245 2825 quod
1268 2771 1374 2810 erat
1396 2762 1685 2811 faciendum.

515 2841 664 2887 Juxta
703 2855 762 2897 *ea
794 2855 901 2902 quae
942 2838 1150 2886 diximus
1185 2854 1330 2900 supra
1367 2838 1426 2885 de
1465 2854 1610 2885 causa
1647 2854 1827 2886 emen--
