<?xml version="1.0" encoding="UTF-8"?>
<!DOCTYPE html PUBLIC "-//W3C//DTD XHTML 1.0 Transitional//EN"
    "http://www.w3.org/TR/xhtml1/DTD/xhtml1-transitional.dtd">
<html xmlns="http://www.w3.org/1999/xhtml" xml:lang="en" lang="en">
 <head>
  <title>
</title>
<meta http-equiv="Content-Type" content="text/html;charset=utf-8" />
  <meta name='ocr-system' content='tesseract 3.04.00' />
  <meta name='ocr-capabilities' content='ocr_page ocr_carea ocr_par ocr_line ocrx_word'/>
</head>
<body>
  <div class='ocr_page' id='page_1' title='image "./operaphilosophic01hobbuoft_0504.png"; bbox 0 0 1910 3256; ppageno 0'>
   <div class='ocr_carea' id='block_1_1' title="bbox 460 237 1268 283">
    <p class='ocr_par' dir='ltr' id='par_1_1' title="bbox 460 237 1268 283">
     <span class='ocr_line' id='line_1_1' title="bbox 460 237 1268 283; baseline 0.007 -5"><span class='ocrx_word' id='word_1_1' title='bbox 460 237 556 279; x_wconf 87' lang='lat'><strong>380</strong></span> <span class='ocrx_word' id='word_1_2' title='bbox 1018 250 1268 283; x_wconf 79' lang='lat' dir='ltr'><strong>PHYsmA.</strong></span> 
     </span>
    </p>
   </div>
   <div class='ocr_carea' id='block_1_2' title="bbox 157 354 1902 2825">
    <p class='ocr_par' dir='ltr' id='par_1_2' title="bbox 198 354 1902 2365">
     <span class='ocr_line' id='line_1_2' title="bbox 215 354 1902 433; baseline 0.004 -30"><span class='ocrx_word' id='word_1_3' title='bbox 215 359 411 433; x_wconf 40' lang='lat' dir='ltr'><strong>PAlg-IV·</strong></span> <span class='ocrx_word' id='word_1_4' title='bbox 459 357 529 404; x_wconf 91' lang='lat' dir='ltr'><strong>ita</strong></span> <span class='ocrx_word' id='word_1_5' title='bbox 552 373 610 404; x_wconf 87' lang='lat' dir='ltr'><strong>ex</strong></span> <span class='ocrx_word' id='word_1_6' title='bbox 635 357 898 405; x_wconf 91' lang='lat' dir='ltr'><strong>eorundem</strong></span> <span class='ocrx_word' id='word_1_7' title='bbox 923 358 1180 421; x_wconf 85' lang='lat' dir='ltr'>spirituum</span> <span class='ocrx_word' id='word_1_8' title='bbox 1213 369 1262 408; x_wconf 90' lang='lat' dir='ltr'><strong>et</strong></span> <span class='ocrx_word' id='word_1_9' title='bbox 1285 361 1543 408; x_wconf 91' lang='lat' dir='ltr'><strong>humorum</strong></span> <span class='ocrx_word' id='word_1_10' title='bbox 1567 369 1745 410; x_wconf 87' lang='lat' dir='ltr'><strong>conatu</strong></span> <span class='ocrx_word' id='word_1_11' title='bbox 1766 363 1829 411; x_wconf 87' lang='lat' dir='ltr'><strong>ad</strong></span> <span class='ocrx_word' id='word_1_12' title='bbox 1901 354 1902 357; x_wconf 9' lang='grc' dir='ltr'><strong>Ἴ</strong></span> 
     </span>
     <span class='ocr_line' id='line_1_3' title="bbox 233 431 1830 498; baseline 0.005 -21"><span class='ocrx_word' id='word_1_13' title='bbox 233 446 385 469; x_wconf 42' lang='lat' dir='ltr'><strong>ww</strong></span> <span class='ocrx_word' id='word_1_14' title='bbox 458 431 651 480; x_wconf 91' lang='lat' dir='ltr'><strong>interna</strong></span> <span class='ocrx_word' id='word_1_15' title='bbox 696 434 928 480; x_wconf 89' lang='lat' dir='ltr'><strong>sentimus</strong></span> <span class='ocrx_word' id='word_1_16' title='bbox 972 434 1142 496; x_wconf 76' lang='lat' dir='ltr'><strong>frigus.</strong></span> <span class='ocrx_word' id='word_1_17' title='bbox 1228 436 1478 498; x_wconf 85' lang='lat' dir='ltr'><strong>Frigerare</strong></span> <span class='ocrx_word' id='word_1_18' title='bbox 1515 452 1631 498; x_wconf 86' lang='lat' dir='ltr'><strong>ergo</strong></span> <span class='ocrx_word' id='word_1_19' title='bbox 1667 436 1830 485; x_wconf 84' lang='lat' dir='ltr'><strong>facere</strong></span> 
     </span>
     <span class='ocr_line' id='line_1_4' title="bbox 198 493 1830 576; baseline 0.004 -22"><span class='ocrx_word' id='word_1_20' title='bbox 198 493 429 576; x_wconf 49' lang='lat' dir='ltr'><strong>{³³¹}{132‘i&#39;203m</strong></span> <span class='ocrx_word' id='word_1_21' title='bbox 458 515 531 554; x_wconf 89' lang='lat' dir='ltr'><strong>est</strong></span> <span class='ocrx_word' id='word_1_22' title='bbox 553 515 610 554; x_wconf 90' lang='lat' dir='ltr'><strong>ut</strong></span> <span class='ocrx_word' id='word_1_23' title='bbox 627 515 790 570; x_wconf 91' lang='lat' dir='ltr'><strong>partes</strong></span> <span class='ocrx_word' id='word_1_24' title='bbox 814 508 1031 570; x_wconf 87' lang='lat' dir='ltr'><strong>corporis</strong></span> <span class='ocrx_word' id='word_1_25' title='bbox 1051 517 1263 557; x_wconf 87' lang='lat' dir='ltr'><strong>externae</strong></span> <span class='ocrx_word' id='word_1_26' title='bbox 1279 518 1518 558; x_wconf 86' lang='lat' dir='ltr'><strong>conentur</strong></span> <span class='ocrx_word' id='word_1_27' title='bbox 1536 510 1600 558; x_wconf 91' lang='lat' dir='ltr'><strong>ad</strong></span> <span class='ocrx_word' id='word_1_28' title='bbox 1619 511 1830 570; x_wconf 76' lang='lat' dir='ltr'><strong>intema,</strong></span> 
     </span>
     <span class='ocr_line' id='line_1_5' title="bbox 457 583 1826 648; baseline 0.003 -19"><span class='ocrx_word' id='word_1_29' title='bbox 457 588 594 630; x_wconf 89' lang='lat' dir='ltr'><strong>motu</strong></span> <span class='ocrx_word' id='word_1_30' title='bbox 616 598 789 645; x_wconf 83' lang='lat' dir='ltr'><strong>nempe</strong></span> <span class='ocrx_word' id='word_1_31' title='bbox 814 583 1058 630; x_wconf 87' lang='lat' dir='ltr'><strong>contrario</strong></span> <span class='ocrx_word' id='word_1_32' title='bbox 1083 585 1202 647; x_wconf 88' lang='lat' dir='ltr'><strong>ejus,</strong></span> <span class='ocrx_word' id='word_1_33' title='bbox 1235 585 1317 648; x_wconf 91' lang='lat' dir='ltr'><strong>qui</strong></span> <span class='ocrx_word' id='word_1_34' title='bbox 1339 585 1396 632; x_wconf 92' lang='lat' dir='ltr'><strong>fit</strong></span> <span class='ocrx_word' id='word_1_35' title='bbox 1419 585 1470 632; x_wconf 89' lang='lat' dir='ltr'><strong>in</strong></span> <span class='ocrx_word' id='word_1_36' title='bbox 1497 585 1826 645; x_wconf 85' lang='lat' dir='ltr'><strong>calefactione,</strong></span> 
     </span>
     <span class='ocr_line' id='line_1_6' title="bbox 455 657 1828 724; baseline 0.004 -20"><span class='ocrx_word' id='word_1_37' title='bbox 455 657 540 704; x_wconf 93' lang='lat' dir='ltr'><strong>ubi</strong></span> <span class='ocrx_word' id='word_1_38' title='bbox 562 665 724 720; x_wconf 85' lang='lat' dir='ltr'><strong>partes</strong></span> <span class='ocrx_word' id='word_1_39' title='bbox 748 658 951 705; x_wconf 87' lang='lat' dir='ltr'><strong>internae</strong></span> <span class='ocrx_word' id='word_1_40' title='bbox 984 670 1252 707; x_wconf 83' lang='lat' dir='ltr'>evocantur</span> <span class='ocrx_word' id='word_1_41' title='bbox 1279 660 1341 708; x_wconf 88' lang='lat' dir='ltr'><strong>ad</strong></span> <span class='ocrx_word' id='word_1_42' title='bbox 1373 667 1587 708; x_wconf 84' lang='lat' dir='ltr'><strong>externa.</strong></span> <span class='ocrx_word' id='word_1_43' title='bbox 1657 661 1828 724; x_wconf 84' lang='lat' dir='ltr'><strong>Itaque</strong></span> 
     </span>
     <span class='ocr_line' id='line_1_7' title="bbox 456 732 1830 799; baseline 0.004 -20"><span class='ocrx_word' id='word_1_44' title='bbox 456 732 520 780; x_wconf 93' lang='lat' dir='ltr'><strong>ad</strong></span> <span class='ocrx_word' id='word_1_45' title='bbox 538 733 926 796; x_wconf 81' lang='lat' dir='ltr'><strong>cognoscendam</strong></span> <span class='ocrx_word' id='word_1_46' title='bbox 946 749 1142 781; x_wconf 88' lang='lat' dir='ltr'><strong>causam</strong></span> <span class='ocrx_word' id='word_1_47' title='bbox 1159 735 1370 797; x_wconf 85' lang='lat' dir='ltr'><strong>frigoris,</strong></span> <span class='ocrx_word' id='word_1_48' title='bbox 1389 735 1608 783; x_wconf 84' lang='lat' dir='ltr'><strong>invenire</strong></span> <span class='ocrx_word' id='word_1_49' title='bbox 1633 744 1830 799; x_wconf 84' lang='lat' dir='ltr'>oportet</span> 
     </span>
     <span class='ocr_line' id='line_1_8' title="bbox 456 808 1828 874; baseline 0.003 -19"><span class='ocrx_word' id='word_1_50' title='bbox 456 823 551 870; x_wconf 91' lang='lat' dir='ltr'><strong>quo</strong></span> <span class='ocrx_word' id='word_1_51' title='bbox 573 816 710 856; x_wconf 90' lang='lat' dir='ltr'><strong>motu</strong></span> <span class='ocrx_word' id='word_1_52' title='bbox 732 808 809 856; x_wconf 87' lang='lat' dir='ltr'><strong>vel</strong></span> <span class='ocrx_word' id='word_1_53' title='bbox 833 809 1006 871; x_wconf 90' lang='lat' dir='ltr'><strong>quibus</strong></span> <span class='ocrx_word' id='word_1_54' title='bbox 1030 809 1241 857; x_wconf 91' lang='lat' dir='ltr'><strong>motibus</strong></span> <span class='ocrx_word' id='word_1_55' title='bbox 1263 811 1370 857; x_wconf 88' lang='lat' dir='ltr'><strong>fieri</strong></span> <span class='ocrx_word' id='word_1_56' title='bbox 1387 818 1566 873; x_wconf 89' lang='lat' dir='ltr'><strong>potest,</strong></span> <span class='ocrx_word' id='word_1_57' title='bbox 1585 817 1641 858; x_wconf 85' lang='lat' dir='ltr'><strong>ut</strong></span> <span class='ocrx_word' id='word_1_58' title='bbox 1661 818 1828 874; x_wconf 88' lang='lat' dir='ltr'><strong>partes</strong></span> 
     </span>
     <span class='ocr_line' id='line_1_9' title="bbox 455 883 1825 947; baseline 0.002 -17"><span class='ocrx_word' id='word_1_59' title='bbox 455 884 672 946; x_wconf 89' lang='lat' dir='ltr'><strong>corporis</strong></span> <span class='ocrx_word' id='word_1_60' title='bbox 697 890 909 932; x_wconf 84' lang='lat' dir='ltr'><strong>externae</strong></span> <span class='ocrx_word' id='word_1_61' title='bbox 934 891 1172 931; x_wconf 87' lang='lat' dir='ltr'><strong>conentur</strong></span> <span class='ocrx_word' id='word_1_62' title='bbox 1189 899 1240 931; x_wconf 88' lang='lat' dir='ltr'><strong>se</strong></span> <span class='ocrx_word' id='word_1_63' title='bbox 1264 884 1479 947; x_wconf 89' lang='lat' dir='ltr'><strong>recipere</strong></span> <span class='ocrx_word' id='word_1_64' title='bbox 1494 883 1558 932; x_wconf 91' lang='lat' dir='ltr'><strong>ad</strong></span> <span class='ocrx_word' id='word_1_65' title='bbox 1575 884 1825 934; x_wconf 86' lang='lat' dir='ltr'><strong>interiora.</strong></span> 
     </span>
     <span class='ocr_line' id='line_1_10' title="bbox 455 959 1830 1023; baseline 0.001 -17"><span class='ocrx_word' id='word_1_66' title='bbox 455 959 601 1006; x_wconf 88' lang='lat' dir='ltr'><strong>Initio</strong></span> <span class='ocrx_word' id='word_1_67' title='bbox 627 975 743 1022; x_wconf 86' lang='lat' dir='ltr'><strong>ergo</strong></span> <span class='ocrx_word' id='word_1_68' title='bbox 769 967 962 1023; x_wconf 91' lang='lat' dir='ltr'><strong>sumpto</strong></span> <span class='ocrx_word' id='word_1_69' title='bbox 986 975 1016 1006; x_wconf 90' lang='lat' dir='ltr'><strong>a</strong></span> <span class='ocrx_word' id='word_1_70' title='bbox 1044 959 1377 1022; x_wconf 87' lang='lat' dir='ltr'><strong>phaenomenis</strong></span> <span class='ocrx_word' id='word_1_71' title='bbox 1411 960 1621 1007; x_wconf 86' lang='lat' dir='ltr'><strong>maxime</strong></span> <span class='ocrx_word' id='word_1_72' title='bbox 1647 960 1830 1009; x_wconf 76' lang='lat' dir='ltr'><strong>famili-</strong></span> 
     </span>
     <span class='ocr_line' id='line_1_11' title="bbox 452 1034 1825 1098; baseline 0.001 -17"><span class='ocrx_word' id='word_1_73' title='bbox 452 1034 631 1092; x_wconf 83' lang='lat' dir='ltr'>aribus,</span> <span class='ocrx_word' id='word_1_74' title='bbox 669 1051 811 1082; x_wconf 89' lang='lat' dir='ltr'><strong>nemo</strong></span> <span class='ocrx_word' id='word_1_75' title='bbox 857 1035 959 1082; x_wconf 88' lang='lat' dir='ltr'><strong>fere</strong></span> <span class='ocrx_word' id='word_1_76' title='bbox 1000 1035 1156 1082; x_wconf 91' lang='lat' dir='ltr'><strong>nescit</strong></span> <span class='ocrx_word' id='word_1_77' title='bbox 1197 1035 1328 1098; x_wconf 92' lang='lat' dir='ltr'><strong>quod</strong></span> <span class='ocrx_word' id='word_1_78' title='bbox 1362 1034 1539 1082; x_wconf 85' lang='lat' dir='ltr'>halitus</span> <span class='ocrx_word' id='word_1_79' title='bbox 1580 1035 1679 1082; x_wconf 91' lang='lat' dir='ltr'><strong>oris</strong></span> <span class='ocrx_word' id='word_1_80' title='bbox 1713 1051 1825 1083; x_wconf 91' lang='lat' dir='ltr'><strong>cum</strong></span> 
     </span>
     <span class='ocr_line' id='line_1_12' title="bbox 451 1108 1824 1173; baseline 0.002 -19"><span class='ocrx_word' id='word_1_81' title='bbox 451 1108 684 1156; x_wconf 88' lang='lat' dir='ltr'><strong>violentia</strong></span> <span class='ocrx_word' id='word_1_82' title='bbox 719 1110 920 1167; x_wconf 89' lang='lat' dir='ltr'><strong>efflatus,</strong></span> <span class='ocrx_word' id='word_1_83' title='bbox 954 1109 1005 1157; x_wconf 93' lang='lat' dir='ltr'><strong>id</strong></span> <span class='ocrx_word' id='word_1_84' title='bbox 1036 1117 1124 1168; x_wconf 89' lang='lat' dir='ltr'><strong>est,</strong></span> <span class='ocrx_word' id='word_1_85' title='bbox 1163 1126 1247 1157; x_wconf 91' lang='lat' dir='ltr'><strong>ore</strong></span> <span class='ocrx_word' id='word_1_86' title='bbox 1283 1126 1384 1157; x_wconf 92' lang='lat' dir='ltr'><strong>non</strong></span> <span class='ocrx_word' id='word_1_87' title='bbox 1424 1109 1628 1156; x_wconf 90' lang='lat' dir='ltr'><strong>nimium</strong></span> <span class='ocrx_word' id='word_1_88' title='bbox 1653 1118 1824 1173; x_wconf 86' lang='lat' dir='ltr'><strong>aperto</strong></span> 
     </span>
     <span class='ocr_line' id='line_1_13' title="bbox 451 1184 1823 1248; baseline 0.004 -19"><span class='ocrx_word' id='word_1_89' title='bbox 451 1184 669 1243; x_wconf 86' lang='lat' dir='ltr'><strong>emissus,</strong></span> <span class='ocrx_word' id='word_1_90' title='bbox 730 1201 929 1232; x_wconf 90' lang='lat' dir='ltr'><strong>manum</strong></span> <span class='ocrx_word' id='word_1_91' title='bbox 980 1185 1221 1247; x_wconf 87' lang='lat' dir='ltr'><strong>objectam</strong></span> <span class='ocrx_word' id='word_1_92' title='bbox 1272 1184 1543 1247; x_wconf 82' lang='lat' dir='ltr'><strong>refrigerat,</strong></span> <span class='ocrx_word' id='word_1_93' title='bbox 1598 1185 1823 1248; x_wconf 86' lang='lat' dir='ltr'><strong>quodque</strong></span> 
     </span>
     <span class='ocr_line' id='line_1_14' title="bbox 449 1258 1820 1320; baseline 0.001 -15"><span class='ocrx_word' id='word_1_94' title='bbox 449 1258 579 1305; x_wconf 92' lang='lat' dir='ltr'><strong>idem</strong></span> <span class='ocrx_word' id='word_1_95' title='bbox 606 1259 785 1307; x_wconf 85' lang='lat' dir='ltr'><strong>halitus</strong></span> <span class='ocrx_word' id='word_1_96' title='bbox 818 1276 901 1307; x_wconf 89' lang='lat' dir='ltr'><strong>ore</strong></span> <span class='ocrx_word' id='word_1_97' title='bbox 936 1259 1118 1318; x_wconf 79' lang='lat' dir='ltr'><strong>hiante,</strong></span> <span class='ocrx_word' id='word_1_98' title='bbox 1152 1260 1202 1307; x_wconf 94' lang='lat' dir='ltr'><strong>id</strong></span> <span class='ocrx_word' id='word_1_99' title='bbox 1234 1268 1322 1318; x_wconf 89' lang='lat' dir='ltr'><strong>est,</strong></span> <span class='ocrx_word' id='word_1_100' title='bbox 1358 1259 1568 1307; x_wconf 88' lang='lat' dir='ltr'><strong>molliter</strong></span> <span class='ocrx_word' id='word_1_101' title='bbox 1603 1260 1820 1320; x_wconf 88' lang='lat' dir='ltr'><strong>emissus,</strong></span> 
     </span>
     <span class='ocr_line' id='line_1_15' title="bbox 449 1334 1822 1398; baseline 0.001 -17"><span class='ocrx_word' id='word_1_102' title='bbox 449 1334 653 1382; x_wconf 90' lang='lat' dir='ltr'><strong>eandem</strong></span> <span class='ocrx_word' id='word_1_103' title='bbox 690 1335 925 1383; x_wconf 91' lang='lat' dir='ltr'><strong>calefacit.</strong></span> <span class='ocrx_word' id='word_1_104' title='bbox 997 1335 1145 1398; x_wconf 88' lang='lat' dir='ltr'><strong>Cujus</strong></span> <span class='ocrx_word' id='word_1_105' title='bbox 1186 1334 1494 1398; x_wconf 87' lang='lat' dir='ltr'><strong>phaenomeni</strong></span> <span class='ocrx_word' id='word_1_106' title='bbox 1537 1350 1684 1382; x_wconf 90' lang='lat' dir='ltr'><strong>causa</strong></span> <span class='ocrx_word' id='word_1_107' title='bbox 1717 1350 1822 1383; x_wconf 85' lang='lat' dir='ltr'><strong>esse</strong></span> 
     </span>
     <span class='ocr_line' id='line_1_16' title="bbox 447 1409 1822 1474; baseline 0.001 -18"><span class='ocrx_word' id='word_1_108' title='bbox 447 1418 612 1471; x_wconf 88' lang='lat' dir='ltr'><strong>potest</strong></span> <span class='ocrx_word' id='word_1_109' title='bbox 634 1410 928 1474; x_wconf 88' lang='lat' dir='ltr'><strong>hujusmodi.</strong></span> <span class='ocrx_word' id='word_1_110' title='bbox 1010 1411 1205 1458; x_wconf 85' lang='lat' dir='ltr'><strong>Exeuns</strong></span> <span class='ocrx_word' id='word_1_111' title='bbox 1230 1410 1359 1457; x_wconf 89' lang='lat' dir='ltr'><strong>enim</strong></span> <span class='ocrx_word' id='word_1_112' title='bbox 1388 1410 1567 1457; x_wconf 85' lang='lat' dir='ltr'><strong>halitus</strong></span> <span class='ocrx_word' id='word_1_113' title='bbox 1592 1409 1713 1458; x_wconf 87' lang='lat' dir='ltr'><strong>duos</strong></span> <span class='ocrx_word' id='word_1_114' title='bbox 1735 1410 1822 1458; x_wconf 89' lang='lat' dir='ltr'><strong>ha-</strong></span> 
     </span>
     <span class='ocr_line' id='line_1_17' title="bbox 447 1484 1821 1547; baseline 0.001 -16"><span class='ocrx_word' id='word_1_115' title='bbox 447 1484 531 1532; x_wconf 89' lang='lat' dir='ltr'><strong>bet</strong></span> <span class='ocrx_word' id='word_1_116' title='bbox 576 1494 752 1544; x_wconf 88' lang='lat' dir='ltr'><strong>motus,</strong></span> <span class='ocrx_word' id='word_1_117' title='bbox 799 1486 1005 1533; x_wconf 86' lang='lat' dir='ltr'><strong>alterum</strong></span> <span class='ocrx_word' id='word_1_118' title='bbox 1049 1485 1201 1533; x_wconf 90' lang='lat' dir='ltr'><strong>totius</strong></span> <span class='ocrx_word' id='word_1_119' title='bbox 1248 1485 1502 1543; x_wconf 89' lang='lat' dir='ltr'><strong>directum,</strong></span> <span class='ocrx_word' id='word_1_120' title='bbox 1549 1500 1646 1547; x_wconf 92' lang='lat' dir='ltr'><strong>quo</strong></span> <span class='ocrx_word' id='word_1_121' title='bbox 1685 1492 1821 1533; x_wconf 90' lang='lat' dir='ltr'><strong>motu</strong></span> 
     </span>
     <span class='ocr_line' id='line_1_18' title="bbox 446 1559 1818 1623; baseline 0.001 -16"><span class='ocrx_word' id='word_1_122' title='bbox 446 1567 609 1622; x_wconf 89' lang='lat' dir='ltr'><strong>partes</strong></span> <span class='ocrx_word' id='word_1_123' title='bbox 644 1561 912 1608; x_wconf 86' lang='lat' dir='ltr'><strong>anteriores</strong></span> <span class='ocrx_word' id='word_1_124' title='bbox 949 1561 1153 1623; x_wconf 89' lang='lat' dir='ltr'><strong>objectae</strong></span> <span class='ocrx_word' id='word_1_125' title='bbox 1188 1577 1358 1608; x_wconf 87' lang='lat' dir='ltr'><strong>manus</strong></span> <span class='ocrx_word' id='word_1_126' title='bbox 1394 1567 1508 1607; x_wconf 89' lang='lat' dir='ltr'><strong>ante</strong></span> <span class='ocrx_word' id='word_1_127' title='bbox 1542 1575 1609 1618; x_wconf 86' lang='lat' dir='ltr'><strong>se,</strong></span> <span class='ocrx_word' id='word_1_128' title='bbox 1642 1559 1694 1607; x_wconf 93' lang='lat' dir='ltr'><strong>id</strong></span> <span class='ocrx_word' id='word_1_129' title='bbox 1729 1569 1818 1619; x_wconf 77' lang='lat' dir='ltr'><strong>est,</strong></span> 
     </span>
     <span class='ocr_line' id='line_1_19' title="bbox 446 1634 1819 1698; baseline -0.001 -15"><span class='ocrx_word' id='word_1_130' title='bbox 446 1635 509 1682; x_wconf 90' lang='lat' dir='ltr'><strong>ad</strong></span> <span class='ocrx_word' id='word_1_131' title='bbox 550 1636 746 1683; x_wconf 90' lang='lat' dir='ltr'><strong>interna</strong></span> <span class='ocrx_word' id='word_1_132' title='bbox 785 1635 967 1698; x_wconf 83' lang='lat' dir='ltr'><strong>adigit;</strong></span> <span class='ocrx_word' id='word_1_133' title='bbox 1016 1635 1221 1683; x_wconf 87' lang='lat' dir='ltr'><strong>alterum</strong></span> <span class='ocrx_word' id='word_1_134' title='bbox 1257 1635 1606 1697; x_wconf 88' lang='lat' dir='ltr'><strong>particularum</strong></span> <span class='ocrx_word' id='word_1_135' title='bbox 1642 1634 1819 1682; x_wconf 84' lang='lat' dir='ltr'><strong>halitus</strong></span> 
     </span>
     <span class='ocr_line' id='line_1_20' title="bbox 446 1707 1819 1773; baseline 0 -17"><span class='ocrx_word' id='word_1_136' title='bbox 446 1710 731 1773; x_wconf 85' lang='lat' dir='ltr'><strong>simplicem,</strong></span> <span class='ocrx_word' id='word_1_137' title='bbox 756 1727 900 1773; x_wconf 87' lang='lat' dir='ltr'><strong>quem</strong></span> <span class='ocrx_word' id='word_1_138' title='bbox 929 1710 1109 1771; x_wconf 90' lang='lat' dir='ltr'><strong>(capite</strong></span> <span class='ocrx_word' id='word_1_139' title='bbox 1125 1709 1435 1771; x_wconf 76' lang='lat' dir='ltr'><strong>praecedente</strong></span> <span class='ocrx_word' id='word_1_140' title='bbox 1458 1715 1550 1756; x_wconf 88' lang='lat' dir='ltr'><strong>art.</strong></span> <span class='ocrx_word' id='word_1_141' title='bbox 1578 1707 1628 1770; x_wconf 88' lang='lat'><strong>3)</strong></span> <span class='ocrx_word' id='word_1_142' title='bbox 1656 1715 1819 1756; x_wconf 89' lang='lat' dir='ltr'><strong>osten-</strong></span> 
     </span>
     <span class='ocr_line' id='line_1_21' title="bbox 446 1784 1817 1847; baseline -0.001 -16"><span class='ocrx_word' id='word_1_143' title='bbox 446 1784 603 1832; x_wconf 89' lang='lat' dir='ltr'><strong>dimus</strong></span> <span class='ocrx_word' id='word_1_144' title='bbox 623 1801 725 1833; x_wconf 89' lang='lat' dir='ltr'><strong>esse</strong></span> <span class='ocrx_word' id='word_1_145' title='bbox 741 1785 1052 1833; x_wconf 87' lang='lat' dir='ltr'><strong>calorificum.</strong></span> <span class='ocrx_word' id='word_1_146' title='bbox 1107 1784 1256 1831; x_wconf 89' lang='lat' dir='ltr'><strong>Prout</strong></span> <span class='ocrx_word' id='word_1_147' title='bbox 1271 1800 1387 1847; x_wconf 85' lang='lat' dir='ltr'><strong>ergo</strong></span> <span class='ocrx_word' id='word_1_148' title='bbox 1405 1784 1581 1831; x_wconf 86' lang='lat' dir='ltr'><strong>horum</strong></span> <span class='ocrx_word' id='word_1_149' title='bbox 1598 1790 1817 1831; x_wconf 90' lang='lat' dir='ltr'><strong>motuum</strong></span> 
     </span>
     <span class='ocr_line' id='line_1_22' title="bbox 446 1857 1816 1923; baseline 0 -17"><span class='ocrx_word' id='word_1_150' title='bbox 446 1860 679 1908; x_wconf 89' lang='lat' dir='ltr'><strong>alteruter</strong></span> <span class='ocrx_word' id='word_1_151' title='bbox 710 1860 1106 1923; x_wconf 81' lang='lat' dir='ltr'><strong>praedominatur,</strong></span> <span class='ocrx_word' id='word_1_152' title='bbox 1146 1859 1217 1906; x_wconf 92' lang='lat' dir='ltr'><strong>ita</strong></span> <span class='ocrx_word' id='word_1_153' title='bbox 1247 1859 1456 1907; x_wconf 89' lang='lat' dir='ltr'><strong>sentitur</strong></span> <span class='ocrx_word' id='word_1_154' title='bbox 1487 1858 1632 1905; x_wconf 92' lang='lat' dir='ltr'><strong>modo</strong></span> <span class='ocrx_word' id='word_1_155' title='bbox 1663 1857 1816 1921; x_wconf 89' lang='lat' dir='ltr'><strong>frigus</strong></span> 
     </span>
     <span class='ocr_line' id='line_1_23' title="bbox 444 1932 1817 1996; baseline -0.001 -15"><span class='ocrx_word' id='word_1_156' title='bbox 444 1936 591 1983; x_wconf 91' lang='lat' dir='ltr'><strong>modo</strong></span> <span class='ocrx_word' id='word_1_157' title='bbox 616 1936 762 1983; x_wconf 90' lang='lat' dir='ltr'><strong>calor.</strong></span> <span class='ocrx_word' id='word_1_158' title='bbox 832 1935 961 1982; x_wconf 91' lang='lat' dir='ltr'><strong>Dum</strong></span> <span class='ocrx_word' id='word_1_159' title='bbox 980 1950 1096 1996; x_wconf 86' lang='lat' dir='ltr'><strong>ergo</strong></span> <span class='ocrx_word' id='word_1_160' title='bbox 1114 1934 1280 1981; x_wconf 91' lang='lat' dir='ltr'><strong>hiante</strong></span> <span class='ocrx_word' id='word_1_161' title='bbox 1305 1949 1389 1980; x_wconf 90' lang='lat' dir='ltr'><strong>ore</strong></span> <span class='ocrx_word' id='word_1_162' title='bbox 1407 1932 1587 1980; x_wconf 88' lang='lat' dir='ltr'><strong>halitus</strong></span> <span class='ocrx_word' id='word_1_163' title='bbox 1606 1932 1817 1980; x_wconf 90' lang='lat' dir='ltr'><strong>molliter</strong></span> 
     </span>
     <span class='ocr_line' id='line_1_24' title="bbox 444 2007 1812 2074; baseline -0.003 -16"><span class='ocrx_word' id='word_1_164' title='bbox 444 2011 702 2069; x_wconf 86' lang='lat' dir='ltr'><strong>emittitur,</strong></span> <span class='ocrx_word' id='word_1_165' title='bbox 727 2010 960 2074; x_wconf 85' lang='lat' dir='ltr'><strong>praevalet</strong></span> <span class='ocrx_word' id='word_1_166' title='bbox 991 2017 1154 2056; x_wconf 84' lang='lat' dir='ltr'><strong>motus</strong></span> <span class='ocrx_word' id='word_1_167' title='bbox 1181 2009 1261 2055; x_wconf 91' lang='lat' dir='ltr'><strong>ille</strong></span> <span class='ocrx_word' id='word_1_168' title='bbox 1289 2008 1492 2070; x_wconf 86' lang='lat' dir='ltr'><strong>simplex</strong></span> <span class='ocrx_word' id='word_1_169' title='bbox 1524 2007 1812 2066; x_wconf 88' lang='lat' dir='ltr'><strong>calorificus,</strong></span> 
     </span>
     <span class='ocr_line' id='line_1_25' title="bbox 443 2082 1812 2149; baseline -0.003 -16"><span class='ocrx_word' id='word_1_170' title='bbox 443 2092 492 2133; x_wconf 92' lang='lat' dir='ltr'><strong>et</strong></span> <span class='ocrx_word' id='word_1_171' title='bbox 521 2085 726 2149; x_wconf 90' lang='lat' dir='ltr'><strong>proinde</strong></span> <span class='ocrx_word' id='word_1_172' title='bbox 760 2085 969 2133; x_wconf 89' lang='lat' dir='ltr'><strong>sentitur</strong></span> <span class='ocrx_word' id='word_1_173' title='bbox 999 2084 1147 2131; x_wconf 89' lang='lat' dir='ltr'><strong>calor.</strong></span> <span class='ocrx_word' id='word_1_174' title='bbox 1218 2083 1314 2131; x_wconf 86' lang='lat' dir='ltr'><strong>Sed</strong></span> <span class='ocrx_word' id='word_1_175' title='bbox 1342 2082 1536 2145; x_wconf 85' lang='lat' dir='ltr'><strong>quando</strong></span> <span class='ocrx_word' id='word_1_176' title='bbox 1565 2097 1648 2129; x_wconf 86' lang='lat' dir='ltr'><strong>ore</strong></span> <span class='ocrx_word' id='word_1_177' title='bbox 1683 2097 1812 2130; x_wconf 90' lang='lat' dir='ltr'><strong>com-</strong></span> 
     </span>
     <span class='ocr_line' id='line_1_26' title="bbox 439 2156 1814 2223; baseline -0.004 -14"><span class='ocrx_word' id='word_1_178' title='bbox 439 2177 607 2223; x_wconf 87' lang='lat' dir='ltr'><strong>presso</strong></span> <span class='ocrx_word' id='word_1_179' title='bbox 649 2161 829 2208; x_wconf 88' lang='lat' dir='ltr'><strong>halitus</strong></span> <span class='ocrx_word' id='word_1_180' title='bbox 871 2160 1076 2216; x_wconf 87' lang='lat' dir='ltr'><strong>efflatur,</strong></span> <span class='ocrx_word' id='word_1_181' title='bbox 1117 2158 1352 2222; x_wconf 84' lang='lat' dir='ltr'><strong>praevalet</strong></span> <span class='ocrx_word' id='word_1_182' title='bbox 1387 2165 1548 2205; x_wconf 90' lang='lat' dir='ltr'><strong>motus</strong></span> <span class='ocrx_word' id='word_1_183' title='bbox 1585 2156 1814 2217; x_wconf 84' lang='lat' dir='ltr'><strong>directus,</strong></span> 
     </span>
     <span class='ocr_line' id='line_1_27' title="bbox 440 2231 1811 2299; baseline -0.004 -15"><span class='ocrx_word' id='word_1_184' title='bbox 440 2237 606 2299; x_wconf 88' lang='lat' dir='ltr'><strong>itaque</strong></span> <span class='ocrx_word' id='word_1_185' title='bbox 639 2235 874 2283; x_wconf 87' lang='lat' dir='ltr'><strong>sentimus</strong></span> <span class='ocrx_word' id='word_1_186' title='bbox 901 2234 1070 2296; x_wconf 83' lang='lat' dir='ltr'><strong>frigus.</strong></span> <span class='ocrx_word' id='word_1_187' title='bbox 1140 2234 1308 2281; x_wconf 90' lang='lat' dir='ltr'><strong>Motus</strong></span> <span class='ocrx_word' id='word_1_188' title='bbox 1337 2232 1481 2290; x_wconf 90' lang='lat' dir='ltr'><strong>enim,</strong></span> <span class='ocrx_word' id='word_1_189' title='bbox 1511 2231 1610 2279; x_wconf 80' lang='lat' dir='ltr'><strong>sive</strong></span> <span class='ocrx_word' id='word_1_190' title='bbox 1634 2231 1811 2279; x_wconf 80' lang='lat' dir='ltr'><strong>halitus</strong></span> 
     </span>
     <span class='ocr_line' id='line_1_28' title="bbox 442 2307 1811 2365; baseline -0.004 -6"><span class='ocrx_word' id='word_1_191' title='bbox 442 2312 543 2359; x_wconf 86' lang='lat' dir='ltr'><strong>sive</strong></span> <span class='ocrx_word' id='word_1_192' title='bbox 567 2310 691 2358; x_wconf 90' lang='lat' dir='ltr'><strong>aeris</strong></span> <span class='ocrx_word' id='word_1_193' title='bbox 717 2310 946 2365; x_wconf 87' lang='lat' dir='ltr'><strong>directus,</strong></span> <span class='ocrx_word' id='word_1_194' title='bbox 963 2316 1136 2356; x_wconf 88' lang='lat' dir='ltr'><strong>ventus</strong></span> <span class='ocrx_word' id='word_1_195' title='bbox 1153 2316 1254 2363; x_wconf 84' lang='lat' dir='ltr'><strong>est3</strong></span> <span class='ocrx_word' id='word_1_196' title='bbox 1291 2314 1464 2355; x_wconf 88' lang='lat' dir='ltr'><strong>ventus</strong></span> <span class='ocrx_word' id='word_1_197' title='bbox 1479 2313 1642 2354; x_wconf 88' lang='lat' dir='ltr'><strong>autem</strong></span> <span class='ocrx_word' id='word_1_198' title='bbox 1655 2307 1811 2355; x_wconf 91' lang='lat' dir='ltr'><strong>omnis</strong></span> 
     </span>
    </p>

    <p class='ocr_par' dir='ltr' id='par_1_3' title="bbox 157 2381 1807 2825">
     <span class='ocr_line' id='line_1_29' title="bbox 441 2381 1764 2448; baseline -0.005 -14"><span class='ocrx_word' id='word_1_199' title='bbox 441 2393 527 2434; x_wconf 89' lang='lat' dir='ltr'><strong>aut</strong></span> <span class='ocrx_word' id='word_1_200' title='bbox 549 2385 807 2448; x_wconf 82' lang='lat' dir='ltr'><strong>frigefacit,</strong></span> <span class='ocrx_word' id='word_1_201' title='bbox 833 2391 916 2432; x_wconf 92' lang='lat' dir='ltr'><strong>aut</strong></span> <span class='ocrx_word' id='word_1_202' title='bbox 940 2384 1165 2442; x_wconf 89' lang='lat' dir='ltr'><strong>calorem,</strong></span> <span class='ocrx_word' id='word_1_203' title='bbox 1191 2382 1274 2445; x_wconf 93' lang='lat' dir='ltr'><strong>qui</strong></span> <span class='ocrx_word' id='word_1_204' title='bbox 1296 2390 1410 2429; x_wconf 89' lang='lat' dir='ltr'><strong>ante</strong></span> <span class='ocrx_word' id='word_1_205' title='bbox 1434 2387 1552 2439; x_wconf 86' lang='lat' dir='ltr'><strong>erat,</strong></span> <span class='ocrx_word' id='word_1_206' title='bbox 1572 2381 1764 2429; x_wconf 88' lang='lat' dir='ltr'><strong>minuit.</strong></span> 
     </span>
     <span class='ocr_line' id='line_1_30' title="bbox 158 2456 1807 2539; baseline -0.002 -30"><span class='ocrx_word' id='word_1_207' title='bbox 158 2464 423 2539; x_wconf 45' lang='lat' dir='ltr'><strong>{ossffisixfgoffn-</strong></span> <span class='ocrx_word' id='word_1_208' title='bbox 506 2469 552 2510; x_wconf 84' lang='lat'><strong>2.</strong></span> <span class='ocrx_word' id='word_1_209' title='bbox 591 2461 837 2509; x_wconf 74' lang='lat' dir='ltr'><strong>Quoniam</strong></span> <span class='ocrx_word' id='word_1_210' title='bbox 860 2467 1024 2507; x_wconf 89' lang='lat' dir='ltr'><strong>autem</strong></span> <span class='ocrx_word' id='word_1_211' title='bbox 1054 2458 1298 2521; x_wconf 86' lang='lat' dir='ltr'><strong>frigefacit</strong></span> <span class='ocrx_word' id='word_1_212' title='bbox 1321 2465 1494 2505; x_wconf 88' lang='lat' dir='ltr'><strong>ventus</strong></span> <span class='ocrx_word' id='word_1_213' title='bbox 1522 2456 1678 2504; x_wconf 91' lang='lat' dir='ltr'><strong>omnis</strong></span> <span class='ocrx_word' id='word_1_214' title='bbox 1707 2472 1807 2505; x_wconf 89' lang='lat' dir='ltr'><strong>non</strong></span> 
     </span>
     <span class='ocr_line' id='line_1_31' title="bbox 157 2532 1806 2598; baseline -0.001 -16"><span class='ocrx_word' id='word_1_215' title='bbox 157 2551 285 2589; x_wconf 72' lang='lat' dir='ltr'><strong>stantia,</strong></span> <span class='ocrx_word' id='word_1_216' title='bbox 299 2551 394 2582; x_wconf 74' lang='lat' dir='ltr'><strong>unde.</strong></span> <span class='ocrx_word' id='word_1_217' title='bbox 439 2537 585 2585; x_wconf 92' lang='lat' dir='ltr'><strong>modo</strong></span> <span class='ocrx_word' id='word_1_218' title='bbox 609 2551 828 2598; x_wconf 84' lang='lat' dir='ltr'><strong>magnus,</strong></span> <span class='ocrx_word' id='word_1_219' title='bbox 862 2534 949 2582; x_wconf 89' lang='lat' dir='ltr'><strong>sed</strong></span> <span class='ocrx_word' id='word_1_220' title='bbox 972 2533 1117 2581; x_wconf 88' lang='lat' dir='ltr'><strong>etiam</strong></span> <span class='ocrx_word' id='word_1_221' title='bbox 1139 2532 1391 2580; x_wconf 91' lang='lat' dir='ltr'><strong>ventilatio</strong></span> <span class='ocrx_word' id='word_1_222' title='bbox 1428 2532 1528 2579; x_wconf 87' lang='lat' dir='ltr'><strong>sive</strong></span> <span class='ocrx_word' id='word_1_223' title='bbox 1561 2532 1806 2580; x_wconf 88' lang='lat' dir='ltr'><strong>motitatio</strong></span> 
     </span>
     <span class='ocr_line' id='line_1_32' title="bbox 439 2607 1806 2674; baseline -0.004 -15"><span class='ocrx_word' id='word_1_224' title='bbox 439 2612 564 2660; x_wconf 90' lang='lat' dir='ltr'><strong>aeris</strong></span> <span class='ocrx_word' id='word_1_225' title='bbox 587 2612 688 2658; x_wconf 87' lang='lat' dir='ltr'><strong>fere</strong></span> <span class='ocrx_word' id='word_1_226' title='bbox 714 2610 958 2674; x_wconf 80' lang='lat' dir='ltr'><strong>quaelibet,</strong></span> <span class='ocrx_word' id='word_1_227' title='bbox 983 2609 1248 2656; x_wconf 88' lang='lat' dir='ltr'><strong>multorum</strong></span> <span class='ocrx_word' id='word_1_228' title='bbox 1272 2608 1401 2654; x_wconf 87' lang='lat' dir='ltr'><strong>circa</strong></span> <span class='ocrx_word' id='word_1_229' title='bbox 1431 2607 1584 2669; x_wconf 85' lang='lat' dir='ltr'><strong>frigus</strong></span> <span class='ocrx_word' id='word_1_230' title='bbox 1620 2607 1806 2670; x_wconf 85' lang='lat' dir='ltr'><strong>experi-</strong></span> 
     </span>
     <span class='ocr_line' id='line_1_33' title="bbox 438 2682 1803 2744; baseline -0.004 -9"><span class='ocrx_word' id='word_1_231' title='bbox 438 2695 715 2735; x_wconf 88' lang='lat' dir='ltr'><strong>mentorum</strong></span> <span class='ocrx_word' id='word_1_232' title='bbox 760 2702 860 2733; x_wconf 90' lang='lat' dir='ltr'><strong>non</strong></span> <span class='ocrx_word' id='word_1_233' title='bbox 906 2693 1020 2731; x_wconf 89' lang='lat' dir='ltr'><strong>ante</strong></span> <span class='ocrx_word' id='word_1_234' title='bbox 1065 2683 1201 2730; x_wconf 91' lang='lat' dir='ltr'><strong>reddi</strong></span> <span class='ocrx_word' id='word_1_235' title='bbox 1247 2682 1372 2730; x_wconf 89' lang='lat' dir='ltr'><strong>ratio</strong></span> <span class='ocrx_word' id='word_1_236' title='bbox 1417 2682 1614 2744; x_wconf 88' lang='lat' dir='ltr'><strong>poterit,</strong></span> <span class='ocrx_word' id='word_1_237' title='bbox 1661 2697 1803 2744; x_wconf 80' lang='lat' dir='ltr'><strong>quam</strong></span> 
     </span>
     <span class='ocr_line' id='line_1_34' title="bbox 438 2757 1801 2825; baseline -0.004 -16"><span class='ocrx_word' id='word_1_238' title='bbox 438 2770 642 2825; x_wconf 88' lang='lat' dir='ltr'><strong>repertae</strong></span> <span class='ocrx_word' id='word_1_239' title='bbox 678 2761 860 2808; x_wconf 87' lang='lat' dir='ltr'><strong>fuerint</strong></span> <span class='ocrx_word' id='word_1_240' title='bbox 892 2775 1049 2807; x_wconf 88' lang='lat' dir='ltr'><strong>causae</strong></span> <span class='ocrx_word' id='word_1_241' title='bbox 1081 2765 1351 2806; x_wconf 88' lang='lat' dir='ltr'><strong>ventorum.</strong></span> <span class='ocrx_word' id='word_1_242' title='bbox 1419 2757 1606 2804; x_wconf 89' lang='lat' dir='ltr'><strong>Ventus</strong></span> <span class='ocrx_word' id='word_1_243' title='bbox 1639 2764 1801 2804; x_wconf 87' lang='lat' dir='ltr'><strong>autem</strong></span> 
     </span>
    </p>
   </div>
   <div class='ocr_carea' id='block_1_3' title="bbox 439 2832 1800 2898">
    <p class='ocr_par' dir='ltr' id='par_1_4' title="bbox 439 2832 1800 2898">
     <span class='ocr_line' id='line_1_35' title="bbox 439 2832 1800 2898; baseline -0.004 -14"><span class='ocrx_word' id='word_1_244' title='bbox 439 2838 571 2884; x_wconf 90' lang='lat' dir='ltr'><strong>aliud</strong></span> <span class='ocrx_word' id='word_1_245' title='bbox 595 2853 693 2884; x_wconf 88' lang='lat' dir='ltr'><strong>non</strong></span> <span class='ocrx_word' id='word_1_246' title='bbox 713 2843 786 2883; x_wconf 91' lang='lat' dir='ltr'><strong>est</strong></span> <span class='ocrx_word' id='word_1_247' title='bbox 811 2851 954 2898; x_wconf 90' lang='lat' dir='ltr'><strong>quam</strong></span> <span class='ocrx_word' id='word_1_248' title='bbox 985 2834 1110 2897; x_wconf 89' lang='lat' dir='ltr'><strong>pulsi</strong></span> <span class='ocrx_word' id='word_1_249' title='bbox 1150 2833 1274 2881; x_wconf 90' lang='lat' dir='ltr'><strong>aeris</strong></span> <span class='ocrx_word' id='word_1_250' title='bbox 1305 2840 1465 2880; x_wconf 90' lang='lat' dir='ltr'><strong>motus</strong></span> <span class='ocrx_word' id='word_1_251' title='bbox 1494 2838 1687 2887; x_wconf 52' lang='lat' dir='ltr'><strong>rectum</strong></span> <span class='ocrx_word' id='word_1_252' title='bbox 1719 2832 1800 2894; x_wconf 91' lang='lat' dir='ltr'><strong>qui</strong></span> 
     </span>
    </p>
   </div>
   <div class='ocr_carea' id='block_1_4' title="bbox 1886 0 1910 644">
    <p class='ocr_par' dir='ltr' id='par_1_5' title="bbox 1886 0 1910 644">
     <span class='ocr_line' id='line_1_36' title="bbox 1886 0 1910 644; baseline 0 2612"><span class='ocrx_word' id='word_1_253' title='bbox 1886 0 1910 644; x_wconf 95' lang='lat' dir='ltr'><strong> </strong></span> 
     </span>
    </p>
   </div>
  </div>
 </body>
</html>
