1936 3262
471 262 566 304 268
793 275 863 308 DE
890 275 1226 309 RATmNIBUs
1251 276 1507 309 MOTUUM.

240 386 355 460 ΡΑῙὲῗ
372 387 439 419 111-
472 381 665 444 corpori
699 381 769 430 ita
804 392 937 432 moto
979 384 1278 433 adhaerentia
1314 384 1627 440 circumfert;
1669 385 1836 434 eadem

253 453 416 499 »ὴὲ-κ
472 463 634 503 autem
670 473 700 504 a
731 467 962 506 contactu
997 460 1203 522 abrupta
1229 475 1317 523 per
1349 466 1634 523 tangentem
1666 461 1836 523 puncti

187 521 450 606 {zsstffinlgg'gitcessh
468 531 771 594 abruptionis
794 534 1004 596 projicit.

535 606 609 653 Sit
634 607 763 654 enim
789 608 997 656 circulus
1021 608 1090 668 (in
1112 609 1194 672 fig.
1218 610 1270 671 4)
1299 610 1435 672 cujus
1460 608 1624 657 radius
1647 609 1692 657 A
1707 609 1763 668 B,
1787 618 1836 660 et

466 696 642 744 corpus
677 682 875 745 aliquod
907 683 1122 746 positum
1155 684 1207 731 in
1240 684 1632 732 circumferentia
1664 684 1728 733 ad
1761 685 1834 741 B;

466 756 597 817 quod
621 756 816 819 quidem
841 757 879 804 si
903 758 1054 804 fixum
1078 758 1142 805 sit
1166 758 1218 806 in
1256 759 1312 818 B,
1335 775 1434 807 una
1453 758 1836 819 circumferetur,

464 838 520 878 ut
544 831 661 881 satis
684 848 772 894 per
796 847 846 879 se
871 832 1183 880 manifestum
1215 841 1304 881 est.
1374 834 1510 881 Inter
1543 833 1838 896 movendum

465 913 644 964 autem,
683 906 896 954 adhaesio
934 907 1016 955 illa
1056 915 1359 971 supponatur
1400 909 1837 972 quomodocunque

465 981 587 1040 tolli,
630 987 748 1029 tunc
789 998 899 1030 cum
936 991 1012 1030 est
1052 983 1103 1030 in
1135 991 1320 1047 puncto
1360 984 1415 1031 B.
1484 983 1607 1032 Dico
1642 984 1748 1032 fore
1779 992 1836 1033 ut

464 1056 643 1104 mobile
667 1073 697 1104 a
721 1057 761 1104 B
784 1058 1019 1120 procedat
1041 1074 1130 1122 per
1162 1065 1447 1122 tangentem
1471 1060 1511 1107 B
1527 1059 1581 1107 C.
1650 1059 1841 1111 Intelli-.

464 1139 610 1194 gatur
646 1140 747 1180 tam
796 1133 960 1180 radius
1006 1134 1051 1181 A
1065 1134 1105 1181 B
1152 1150 1298 1197 quam
1342 1134 1501 1198 ipsum
1547 1150 1723 1198 corpus
1778 1134 1834 1195 B,
1879 1157 1882 1159 ·

467 1207 734 1254 consistere
788 1224 847 1255 ex
901 1209 1106 1256 materia
1162 1209 1298 1257 dura.
1387 1210 1452 1257 Et
1508 1225 1836 1273 supponamus

465 1282 655 1329 radium
675 1282 720 1329 A
737 1283 776 1330 B
799 1299 1083 1346 percussum
1107 1300 1212 1332 esse
1230 1285 1282 1332 in
1305 1292 1488 1348 puncto
1514 1285 1553 1331 B
1578 1301 1608 1332 a
1631 1301 1834 1348 corpore
1893 1334 1899 1341 ,

465 1356 712 1405 incidente
770 1359 1036 1406 secundum
1083 1359 1127 1406 D
1152 1360 1188 1406 Β
1247 1367 1547 1423 tangentem.
1638 1359 1839 1408 Orietur

465 1448 581 1494 ergo
606 1440 768 1480 motus
794 1433 1041 1482 circularis
1066 1450 1126 1481 ex
1150 1450 1392 1482 concursu
1415 1435 1621 1482 duarum
1655 1450 1833 1495 rerum,

464 1523 670 1568 quarum
710 1508 864 1555 altera
912 1517 986 1556 est
1032 1516 1235 1556 conatus
1269 1525 1356 1572 per
1402 1509 1446 1556 D
1463 1510 1503 1557 B
1544 1509 1834 1572 productam

462 1597 630 1629 versus
656 1582 693 1629 C
722 1582 855 1643 (nam
877 1583 1165 1646 procederet
1196 1600 1372 1647 corpus
1408 1600 1437 1632 a
1473 1585 1529 1643 Β,
1565 1600 1653 1648 per
1675 1584 1834 1648 ipsum
1888 1583 1900 1609 *-

465 1656 505 1703 Β
521 1656 575 1715 C,
600 1656 694 1704 nisi
713 1665 841 1704 esset
864 1666 1111 1705 retentum
1130 1658 1193 1705 ad
1215 1659 1257 1705 A
1275 1659 1315 1705 Β
1340 1658 1572 1721 radium),
1592 1658 1746 1706 altera
1759 1667 1834 1707 est

463 1731 674 1779 retentio
699 1731 815 1794 ipsa.
867 1732 964 1779 Sed
985 1732 1196 1780 retentio
1222 1732 1305 1780 illa
1327 1733 1515 1780 nullum
1538 1733 1623 1780 dat
1640 1733 1833 1796 corpori

462 1805 515 1853 in
539 1806 579 1853 B
604 1813 834 1853 conatum
858 1822 1024 1854 versus
1050 1815 1287 1854 centrum.
1359 1808 1561 1855 Sublata
1582 1807 1734 1871 igitur
1757 1823 1833 1855 re—

463 1881 700 1939 tentione,
736 1881 788 1928 id
812 1881 943 1943 quod
963 1883 1020 1929 fit
1054 1882 1105 1929 in
1129 1882 1434 1945 abrupfflone,
1470 1890 1624 1930 restat
1659 1882 1832 1931 unicus

461 1956 514 2002 in
539 1956 577 2003 Β
615 1957 823 2019 abrupto
860 1965 1080 2015 conatus,
1121 1965 1171 2004 et
1207 1957 1248 2004 is
1278 1974 1366 2020 per
1399 1965 1685 2021 tangentem
1724 1957 1830 2006 BC.

461 2031 592 2094 Ergo
629 2047 717 2094 per
754 2039 1038 2095 tangentem
1073 2032 1111 2079 B
1130 2033 1168 2080 C
1202 2033 1478 2096 movebitur
1513 2041 1751 2096 punctum
1790 2032 1830 2080 B

461 2106 755 2169 abruptum:
800 2107 932 2171 quod
969 2116 1074 2155 erat
1116 2108 1565 2156 demonstrandum.
1631 2109 1706 2156 Ex
1738 2109 1830 2157 hac

461 2182 877 2230 demonstratione
913 2191 1115 2246 apparet
1154 2191 1343 2231 motum
1378 2184 1663 2231 circularem
1702 2184 1832 2232 circa

460 2273 601 2304 axem
623 2258 879 2305 immotum
913 2266 1139 2305 excutere
1168 2265 1218 2305 et
1239 2258 1432 2321 longius
1465 2274 1766 2307 summovere
1800 2275 1830 2307 a

461 2340 630 2380 centro
669 2333 743 2380 sui
779 2341 940 2380 motus
977 2333 1208 2395 quicquid
1244 2333 1516 2396 superficiei
1545 2334 1827 2397 contiguum

460 2408 672 2455 existens
709 2408 802 2471 ipsi
842 2424 942 2455 non
981 2408 1186 2455 firmiter
1220 2408 1464 2456 adhaeret:
1506 2408 1652 2471 idque
1687 2415 1826 2456 tanto

459 2483 612 2546 magis
656 2490 838 2546 quanto
871 2483 1063 2546 longius
1102 2483 1346 2530 receditur
1381 2500 1410 2531 a
1455 2483 1612 2547 polis3
1665 2491 1826 2531 tanto-

459 2573 552 2619 que
598 2558 745 2606 etiam
786 2558 938 2621 magis
985 2566 1167 2621 quanto
1214 2574 1285 2616 ea,
1333 2575 1440 2621 quae
1497 2558 1824 2617 excutiuntur,

457 2632 616 2680 minus
635 2649 664 2680 a
680 2632 830 2680 fluido
847 2633 1090 2680 ambiente
1103 2641 1304 2696 propter
1326 2634 1443 2681 alias
1466 2649 1635 2681 causas
1659 2649 1824 2681 versus

457 2715 678 2754 centrum
700 2708 1017 2771 repelluntur.

179 2787 270 2818 Mota
283 2789 374 2816 motu
529 2788 601 2830 10.
657 2782 708 2830 Si
740 2799 914 2845 corpus
961 2783 1251 2846 sphaericum
1290 2791 1544 2832 moveatur
1582 2784 1633 2831 in
1665 2782 1822 2830 medio

178 2829 324 2861 circulari
341 2829 416 2859 sim-

177 2873 271 2914 plice,
291 2877 416 2903 motum
455 2856 639 2919 liquido
672 2866 811 2905 motu
843 2858 1066 2906 circulari
1099 2858 1349 2921 simplice3
1387 2859 1544 2921 sitque
1567 2859 1618 2906 in
1653 2857 1822 2905 eodem
