1936 3262
247 347 363 378 PARS
388 347 414 378 Ι.

483 223 544 264 80
797 229 1148 264 COMPUTATIO
1176 229 1300 264 SIVE
1327 230 1542 265 LOGICA.

481 341 697 400 sitiones,
743 342 980 389 linearum
1022 349 1072 387 et
1118 342 1483 404 superficierum
1530 341 1850 401 additionem,
1896 354 1901 371 ‘

482 417 903 475 substractionem,
939 416 1410 479 multiplicationem,
1445 416 1749 475 divisionem,
1774 432 1852 464 ra-

481 492 739 555 dicumque
784 491 1138 540 extractionem
1182 491 1234 538 in
1277 499 1511 554 promptu
1554 490 1755 550 habent,
1801 491 1850 539 id

483 566 614 630 quod
642 569 744 630 jam
778 574 1043 630 geometrae
1063 581 1165 613 non
1187 566 1445 614 mediocris
1469 573 1559 615 est.
1630 566 1855 614 Secunda

484 650 573 701 est,
607 650 662 689 ut
686 659 746 690 ex
770 642 1044 705 aequatione
1067 641 1267 689 inventa
1295 642 1517 705 judicare
1550 642 1755 705 possint,
1790 658 1854 689 an

484 733 543 764 ex
578 733 649 776 ea,
687 716 970 780 quaestionis
1008 716 1189 763 veritas
1223 717 1302 764 vel
1335 717 1524 764 falsitas
1559 717 1664 764 erui
1696 717 1854 780 possit

483 808 666 847 necne;
701 792 752 839 id
776 791 908 854 quod
930 791 1128 854 majoris
1152 790 1311 838 adhuc
1335 792 1553 839 scientiae
1578 799 1668 839 est.
1735 792 1854 839 Ter-

484 867 568 924 tia,
598 874 656 914 ut
678 867 955 929 aequatione
978 866 1178 913 inventa
1201 881 1309 928 quae
1332 866 1396 913 ad
1419 866 1702 930 quaestionis
1725 866 1852 914 solu-

484 941 670 989 tionem
693 941 757 988 sit
779 940 971 998 idonea,
1008 956 1114 987 eam
1136 940 1208 987 ita
1230 941 1472 988 resolvere
1494 948 1552 989 ut
1573 941 1753 989 veritas
1775 942 1853 989 vel
1914 960 1915 963 ¹

484 1016 669 1064 falsitas
688 1017 791 1078 ejus
804 1017 892 1063 fiat
909 1016 1183 1074 manifesta,
1207 1015 1260 1063 id
1283 1015 1414 1078 quod
1435 1016 1487 1063 in
1507 1016 1854 1079 quaestionibus
1914 1015 1917 1070 ζ

486 1090 835 1138 difficilioribus
882 1091 985 1137 sine
1026 1090 1307 1153 cognitione
1353 1098 1543 1140 naturae
1588 1092 1855 1154 figurarum
1886 1110 1917 1157 ’ᾖ

485 1165 860 1213 curvilinearum
899 1165 1005 1212 fieri
1049 1181 1149 1212 non
1193 1172 1374 1227 potest.
1469 1165 1854 1214 Gurvilinearum
1906 1175 1918 1226 Ἐ

484 1248 649 1288 autem
667 1246 894 1286 naturam
918 1247 968 1287 et
989 1239 1316 1302 proprietates
1339 1240 1391 1287 in
1409 1248 1641 1304 promptu
1657 1241 1853 1300 habere,
1908 1238 1916 1265 ³³

484 1315 755 1378 geometria
800 1330 988 1361 summa
1029 1322 1117 1362 est.
1203 1314 1399 1362 Accidit
1442 1323 1680 1378 praeterea
1723 1317 1856 1379 quod
1897 1314 1900 1315 ⁷

485 1390 537 1437 in
578 1390 934 1452 aequationibus
976 1389 1279 1437 inveniendis
1314 1390 1449 1437 nulla
1483 1398 1557 1438 est
1578 1391 1854 1449 methodus,
1913 1423 1917 1425 —

486 1464 572 1511 sed
595 1471 789 1511 tantum
813 1464 1018 1527 quisque
1031 1464 1163 1512 valet
1182 1472 1419 1528 quantum
1436 1466 1633 1515 solertia
1653 1474 1856 1530 praestat
1910 1468 1916 1484 ⁷

486 1539 711 1587 naturali.
