1936 3262
400 309 480 350 xcii
906 327 1006 355 vrrA
1027 328 1132 356 Tuo.
1158 329 1342 358 HOEBES.

514 433 608 489 Ipse
628 434 759 476 haeres
780 436 899 492 regni
922 436 1112 489 Carolus,
1135 440 1545 485 comitante‘caterva

571 525 707 566 Armis
727 525 933 568 clarorum
954 538 996 569 et
1017 529 1233 572 nobilitate
1253 531 1401 583 virum,

510 613 722 657 Lutetiam
745 618 869 668 venit,
892 630 1113 675 expectans
1134 621 1234 663 dum
1256 631 1442 679 tempora
1462 624 1607 682 iniqua

565 705 826 758 Transirent,
849 709 991 765 populi
1012 710 1300 769 desineretque
1320 713 1449 755 furor.

509 795 632 838 Tunc
653 812 730 853 ego
751 798 963 840 decreram
984 803 1051 843 De
1075 803 1258 857 Corpore
1276 804 1456 846 scribere
1475 804 1644 856 librum,

564 887 695 942 Cujus
716 889 908 930 materies
929 899 1016 931 tota
1035 900 1178 946 parata
1198 891 1288 933 fuit.

510 975 592 1017 Sed
613 992 738 1034 cogor
759 978 925 1020 differre
937 996 947 1029 3
972 984 1071 1035 pati
1093 988 1152 1023 tot
1173 989 1374 1039 tantaque
1383 985 1513 1038 foeda

560 1070 726 1122 Appom‘
735 1071 867 1123 jussis
886 1073 1078 1122 crimina,
1097 1074 1203 1120 nolo,
1227 1074 1325 1114 Dei.

504 1155 678 1197 Divinas
699 1158 833 1198 statuo
854 1173 979 1214 quam
999 1159 1181 1214 primum
1202 1160 1414 1202 absolvere
1433 1161 1544 1218 leges
1556 1179 1567 1214 ;

561 1245 695 1302 quue
715 1262 793 1303 ago
814 1248 1028 1303 paulatim,
1051 1249 1332 1307 sollicitusque
1353 1251 1439 1293 diu.

505 1335 700 1394 Namque
721 1338 1025 1381 mathematicae
1047 1340 1192 1382 studiis
1214 1341 1314 1382 dum
1336 1341 1522 1399 Principi
1542 1343 1740 1396 adessem,

559 1427 657 1469 Non
678 1429 794 1484 potui
814 1429 959 1471 studiis
979 1445 1141 1486 semper
1160 1431 1302 1473 adesse
1322 1433 1436 1475 meis.

501 1519 612 1560 Dein
633 1518 798 1575 per'sex
821 1535 982 1562 menses
1003 1521 1149 1563 morbo
1166 1521 1384 1574 decumbo,
1407 1526 1655 1583 propinquae

557 1609 781 1650 Accinctus
801 1610 951 1659 morti3
982 1610 1206 1667 nec‘fugio,
1230 1612 1299 1654 illa
1319 1613 1439 1670 fugit.

502 1699 662 1741 Perfeci
682 1699 837 1740 librum
857 1699 990 1755 patrio
1011 1715 1225 1752 sermone3
1258 1712 1304 1744 ut
1323 1704 1376 1745 ab
1398 1704 1548 1761 Anglis

558 1790 701 1831 Posset
721 1805 830 1846 saepe
850 1790 964 1841 meis,
987 1790 1227 1849 utiliterque
1247 1793 1331 1849 legi
1351 1810 1360 1835 ι

499 1880 776 1937 Londinoque
797 1882 904 1937 typis
925 1881 1033 1923 celer
1053 1882 1188 1924 evolat
1207 1883 1250 1923 in
1272 1885 1460 1941 regiones

554 1971 736 2022 Vicinas,
760 1981 882 2013 notus
903 1973 1071 2013 nomine
1093 1976 1344 2017 Leviathan.

498 2062 658 2105 Militat
677 2063 746 2104 ille
766 2063 872 2105 liber
892 2079 1004 2106 nunc
1025 2065 1192 2121 regibus
1213 2065 1419 2115 omnibus,
1442 2075 1483 2107 et
1505 2067 1576 2123 qui

556 2153 736 2195 Nomine
756 2155 833 2196 sub
855 2155 998 2211 quovis
1019 2155 1134 2211 regia
1147 2155 1245 2210 jura
1265 2164 1423 2196 tenent.

496 2243 663 2285 Interea
682 2259 822 2301 regem
843 2244 986 2286 vendit
1009 2245 1168 2294 Scotus,
1191 2254 1233 2286 et
1253 2256 1373 2286 necat
1393 2244 1556 2301 Anglus
1567 2262 1579 2296 3

549 2334 575 2375 J
581 2350 624 2375 us
645 2335 763 2391 regni
786 2335 960 2376 Carolus
975 2335 1147 2391 jamque
1171 2334 1387 2376 Secundus
1405 2335 1544 2386 habet,

493 2423 675 2465 Lutetiae
696 2424 892 2466 residens.
950 2424 1051 2466 Vim
1072 2424 1190 2479 regni
1212 2424 1335 2465 turba
1355 2424 1530 2466 rebellis

550 2515 750 2571 Occupat,
773 2525 815 2556 et
835 2514 1034 2571 populum
1049 2515 1137 2570 jam
1159 2515 1247 2556 sine
1266 2514 1358 2571 lege
1378 2516 1498 2572 regit,

493 2605 549 2647 Et
570 2621 721 2647 nomen
747 2606 950 2663 (quamvis
971 2605 1109 2661 pauci)
1134 2605 1211 2647 sibi
1235 2605 1506 2648 Parliamenti

551 2697 739 2744 Sumens,
766 2712 808 2738 se
828 2697 948 2738 satiat
968 2699 1170 2753 sanguine
1190 2696 1393 2738 nobilium
1409 2713 1420 2747 3

491 2787 705 2842 Dejiciunt
725 2788 879 2838 mitras,
901 2803 977 2829 nec
999 2787 1169 2829 firmant
1191 2787 1532 2843 Presbyteratum
1547 2804 1567 2837 ;Ἰ

547 2877 707 2919 Clerica
728 2878 785 2918 nil
808 2878 889 2919 illic
909 2877 1065 2933 profuit
1085 2878 1270 2920 ambitio.
