1910 3256
430 251 500 286 DE
528 252 788 296 FRIGORE,
813 252 1018 295 VENTO,
1046 251 1161 285 111-6.
1390 241 1478 284 381

62 351 67 390 f
98 361 284 419 tamen,
321 361 364 409 si
396 362 561 426 plures
595 365 730 412 venti
765 365 909 412 simul
943 364 1146 429 spirent,
1181 370 1345 426 potest
1381 377 1486 410 esse
1532 366 1647 441 ΡΑΒξ
1679 366 1738 398 IV-

68 471 69 474 =
100 434 352 485 circularis
392 438 471 486 vel
500 440 940 504 quomodocunque
975 455 1169 498 curvus,
1204 445 1262 486 ut
1292 439 1344 486 in
1382 446 1530 532 tur·V
1534 411 1733 534 θέτ’-κ

58 579 59 582 ¹
98 509 311 560 binibus.
380 513 692 578 Inquirendae
717 532 835 580 ergo
858 515 1083 580 proximo
1107 514 1216 562 loco
1236 521 1351 561 sunt
1366 503 1530 562 ven-V
1503 514 1596 578 ωξζζῃ
1578 557 1608 577 m
1576 508 1768 577 “;ῗζο,ξ““

58 608 60 610 ’
99 593 267 636 torum
306 604 480 637 causae.
550 590 721 639 Motus
758 599 925 640 autem
961 591 1104 648 aeris,
1147 589 1250 639 sive
1286 597 1484 649 ventus,
1502 590 1631 627 stanna
1646 589 1742 621 ”¹¹⁶0-

62 659 71 702 ἶ
98 661 224 711 alius
268 670 343 712 est
377 663 522 712 multi
562 665 706 714 simul
743 667 869 716 aeris
904 667 1084 715 fluctus
1122 666 1225 714 sive
1260 665 1485 723 nudatio,

54 771 59 776 -
97 736 522 803 aliusprogressio
544 749 695 790 recta.

57 870 59 874 ι
167 813 430 878 Supposita
471 831 563 879 pro
609 818 1042 881 quantulocunque
1089 825 1312 880 tempore
1357 817 1487 864 aeris

55 927 58 929 >
97 889 361 945 serenitate
384 890 529 939 simul
551 899 601 941 et
618 893 990 956 tranquillitate,
1012 892 1300 956 corporibus
1318 899 1486 940 tamen

48 1000 60 1009 „
97 964 358 1015 mundanis
382 966 454 1015 ita
475 974 532 1015 ut
555 976 671 1016 ante
691 968 876 1016 dictum
900 975 974 1017 est
997 968 1261 1032 dispositis,
1286 984 1488 1017 necesse

46 1072 47 1077 =
96 1040 194 1092 erit
213 1048 273 1090 ut
294 1042 464 1091 statim
485 1044 666 1092 alicubi
690 1045 877 1093 oriatur
890 1052 1081 1093 ventus.
1152 1044 1277 1093 Cum
1301 1044 1433 1092 enim
1457 1061 1487 1092 a

47 1172 49 1174 ,
96 1123 238 1170 motu
257 1117 473 1181 partium
496 1120 639 1179 aeris,
674 1136 819 1183 quem
850 1129 1041 1169 motum
1076 1121 1149 1169 sol
1172 1121 1323 1169 efficit
1346 1128 1486 1169 motu

59 1196 61 1201 '
96 1192 316 1256 simplice
359 1193 412 1242 in
457 1196 676 1260 epicyclo
721 1196 939 1260 proprio,
982 1196 1139 1244 maria
1186 1204 1238 1244 et
1282 1196 1486 1245 humida

49 1286 53 1292 ’
95 1268 263 1317 omnia
296 1271 560 1333 particulas
601 1288 802 1320 suorum
839 1289 1102 1336 corporum
1138 1273 1387 1332 exhalent,
1424 1289 1485 1320 ex

44 1366 47 1373 f
95 1343 272 1407 quibus
315 1346 443 1395 fiunt
482 1347 654 1407 nubes,
696 1346 1027 1397 necessarium
1064 1356 1139 1398 651
1180 1357 1238 1397 111
1273 1349 1484 1397 totidem

39 1439 41 1444 ¹
93 1420 350 1484 particulae
394 1423 537 1483 aeris,
585 1424 702 1472 dum
741 1424 998 1488 particulae
1043 1441 1214 1487 aqueae
1265 1432 1381 1472 sunt
1431 1425 1485 1473 in

44 1518 47 1554 χ
95 1497 325 1558 transitu,
348 1507 612 1563 propterea
633 1501 768 1563 quod
783 1501 922 1549 locus
940 1517 1124 1549 vacuus
1142 1501 1482 1560 nullus-datur,

93 1572 160 1628 ad
197 1572 357 1623 latera
399 1575 727 1641 undequaque
776 1576 1132 1640 digrediantur,
1175 1583 1485 1640 urgeantque

43 1711 45 1713 q
93 1655 261 1713 partes
294 1649 403 1698 sibi·
426 1652 689 1715 proximas,
730 1660 782 1700 et
816 1652 893 1699 hae
932 1668 1101 1700 rursus
1140 1652 1288 1707 alias;
1325 1652 1484 1701 donec

94 1724 296 1778 tandem
321 1726 612 1777 circuitione
641 1729 790 1787 facta,
815 1729 1111 1777 tantundem
1137 1729 1264 1776 aeris
1291 1729 1483 1777 accedit

41 1842 43 1847 ,
93 1800 159 1851 ad
180 1807 364 1850 terram
386 1819 417 1850 a
439 1810 599 1867 tergo,
627 1812 865 1868 quantum
893 1820 1033 1867 aquae
1065 1805 1127 1852 ab
1161 1821 1220 1852 ea
1249 1805 1484 1853 abscessit

39 1869 41 1872 Α
93 1893 125 1926 a
145 1876 324 1926 fronte.
394 1878 625 1928 Movetur
647 1896 764 1944 ergo
789 1896 888 1938 aer,
912 1879 1055 1928 initio
1070 1879 1202 1928 facto
1226 1881 1287 1928 ab
1311 1897 1483 1929 ascen-

93 1952 324 2003 dentibus
363 1955 643 2019 vaporibus,
686 1956 748 2004 ad
788 1956 947 2004 latera
991 1956 1347 2020 undequaque;
1398 1956 1485 2004 sed

91 2044 179 2080 aer
200 2036 363 2078 motus
395 2038 471 2078 est
491 2039 685 2080 ventus.
756 2032 836 2080 Fit
860 2048 979 2095 ergo
1003 2039 1197 2079 ventuS.
1270 2032 1419 2082 Quod
1443 2033 1485 2081 si

92 2111 268 2154 ventus
309 2106 407 2166 ille,
445 2107 758 2170 surgentibus
799 2107 851 2155 in
893 2107 1000 2155 aliis
1040 2107 1161 2155 locis
1201 2108 1481 2171 vaporibus,

92 2197 260 2234 rursus
283 2188 336 2230 et
357 2182 535 2246 saepius
572 2190 815 2242 occurrat,
850 2183 1166 2231 manifestum
1202 2191 1277 2231 est
1311 2190 1360 2231 et
1382 2184 1482 2231 vim

91 2257 223 2306 illius
246 2264 458 2317 auctam,
490 2266 542 2306 et
564 2258 695 2306 viam
730 2258 832 2306 sive
866 2258 1062 2322 plagam
1096 2266 1337 2307 mutatam
1360 2259 1480 2307 fore.

43 2393 46 2397 q
91 2333 269 2393 Etiam,
293 2341 351 2382 ut
375 2341 523 2392 terra,
548 2342 689 2382 motu
713 2349 801 2381 suo
827 2333 1020 2392 diurno,
1045 2333 1193 2382 modo
1218 2334 1481 2383 aridiorem

8 2451 9 2454 ,
91 2409 240 2458 1110110
265 2409 594 2458 humidiorem
618 2409 693 2458 sui
723 2417 913 2473 partem
948 2409 1011 2457 ad
1038 2409 1191 2457 solem
1222 2411 1479 2470 convertit,

92 2484 330 2538 ita-modo
356 2486 515 2549 major
544 2485 692 2533 modo
716 2485 878 2533 minor
900 2501 1137 2548 vaporum
1157 2486 1300 2549 copia
1322 2487 1480 2535 eleva-

6 2574 35 2599 1'
91 2561 243 2621 bitur,
265 2561 319 2610 id
341 2569 431 2621 est,
455 2561 604 2610 modo
637 2561 795 2610 minor
829 2561 978 2609 modo
1011 2562 1167 2626 major
1200 2562 1362 2610 factus
1386 2563 1480 2611 erit

2 2667 8 2696 5
31 2655 40 2703 j
79 2644 284 2699 ventus,
351 2637 626 2686 Ventorum
657 2654 776 2702 ergo
805 2655 991 2697 eorum,
1019 2638 1103 2702 qui
1131 2655 1192 2687 ex
1214 2641 1478 2704 vaporibus

1 2724 9 2750 ²
40 2746 42 2750 »
90 2720 404 2777 generantur,
437 2714 678 2778 simulque
706 2730 875 2762 eorum
906 2714 1248 2764 inconstantiae
1282 2731 1479 2765 causam
1516 2725 1522 2773 ζ

2 2823 5 2827 -
35 2809 39 2842 ?
91 2788 393 2839 reddidimus
414 2789 713 2853 possibilem.

122 2865 390 2928 Sequitur
424 2865 541 2913 hinc
575 2865 711 2914 nasci
738 2873 912 2914 ventos
947 2866 1055 2914 illos
1090 2866 1138 2913 in
1177 2866 1287 2915 loco
1322 2840 1480 2923 eleva·
