1910 3256
190 360 303 393 PARS
320 361 379 394 IV.

263 404 315 437 27.

189 491 263 523 Quo
280 492 376 522 modo

190 534 247 565 lux
262 535 417 567 calefacit.

197 2471 368 2502 Generatio

195 2515 278 2554 ignis
294 2526 312 2545 a
327 2515 402 2547 sole.

435 240 529 281 366
995 254 1248 288 PHYSIoA.

438 375 468 406 a
500 366 639 411 motu
675 361 789 409 solis
825 362 1050 410 circulari
1087 363 1304 425 simplice
1336 362 1550 410 medium
1587 362 1807 422 fluidum,

439 451 582 497 quem
605 453 833 485 vocamus
857 453 1034 495 aerem,
1054 445 1110 485 ut
1134 454 1300 485 omnes
1325 440 1427 501 ejus
1449 444 1630 500 parteS‚
1653 453 1809 501 usque

437 510 500 557 ad
530 511 767 571 minimas,
800 513 909 560 loca
943 529 1030 560 sua
1063 513 1193 560 inter
1228 529 1278 560 se
1319 520 1556 576 perpetuo
1595 528 1811 561 commu-

436 592 571 640 tent3
630 603 775 648 quam
820 588 1040 635 locorum
1084 588 1407 635 mutationem
1451 587 1809 637 nominavimus

434 660 875 711 fermentationem.
944 664 1018 710 Ex
1043 679 1100 710 ea
1130 663 1507 711 fermentatione
1542 663 1668 711 aeris
1701 663 1809 711 fieri

433 753 578 800 posse
624 738 946 786 elevationem
979 755 1120 801 aquae
1159 739 1211 785 in
1249 739 1415 797 nubes,
1456 738 1808 787 demonstravi-

435 827 556 860 muS.
647 814 802 861 Simili
843 814 1005 872 modo,
1044 830 1070 860 e
1117 813 1402 876 corporibus
1437 814 1619 862 nostris
1642 820 1807 876 partes

435 888 610 936 fluidas
657 889 717 935 ab
762 888 967 936 internis
1016 888 1081 936 ad
1132 879 1336 938 externa
1358 939 1359 942 ,
1380 888 1522 936 educi
1565 904 1711 951 posse
1744 889 1808 937 ab
1855 934 1858 938 Α

435 963 606 1010 eadem
639 963 1034 1019 fermentatione,
1083 963 1394 1011 ostendemus
1448 979 1596 1015 nunc.
1673 963 1808 1012 Quo-

435 1037 567 1084 niam
620 1038 766 1096 enim,
820 1038 905 1085 ubi
950 1038 1166 1084 medium
1200 1037 1438 1100 liquidum
1484 1037 1678 1100 corpori
1723 1055 1808 1086 cu-

428 1112 630 1174 juslibet
677 1112 898 1159 animalis
940 1112 1226 1175 contiguum
1262 1119 1351 1170 est,
1397 1112 1466 1159 ibi
1500 1119 1666 1175 partes
1703 1114 1806 1175 ejus

433 1186 597 1242 medii,
628 1187 829 1234 mutatis
859 1186 994 1242 locis,
1031 1194 1270 1249 perpetuo
1301 1203 1330 1233 a
1359 1202 1410 1233 se
1437 1186 1647 1236 invicem
1678 1187 1807 1235 avel-

433 1262 616 1319 luntur,
667 1277 866 1309 necesse
926 1269 1000 1308 est
1046 1269 1103 1308 ut
1155 1269 1320 1323 partes
1369 1261 1590 1308 animalis
1645 1261 1806 1310 medio

433 1337 680 1400 contiguae
751 1337 802 1384 in
868 1337 1219 1399 diremptarum
1275 1336 1490 1399 partium
1551 1336 1808 1384 intervalla

433 1420 674 1459 conentur
713 1412 920 1475 ingredi.
989 1412 1203 1475 Alioqui,
1241 1411 1510 1475 diremptis,
1547 1427 1659 1458 cum
1693 1426 1806 1474 sup,
1871 1433 1881 1440 ·-

430 1487 645 1550 positum
680 1487 745 1534 sit
779 1504 878 1534 non
915 1487 1020 1534 dari
1054 1487 1217 1534 locum
1249 1502 1473 1541 vacuum,
1509 1486 1644 1534 locus
1679 1494 1806 1534 esset

429 1562 607 1610 nullus.
676 1563 734 1610 Id
756 1579 888 1626 ergo,
915 1563 1046 1625 quod
1068 1563 1120 1610 in
1141 1562 1363 1625 partibus
1398 1561 1618 1609 animalis
1640 1561 1813 1609 medio-

430 1638 674 1701 contiguis
700 1646 775 1686 est
800 1639 1008 1686 maxime
1031 1638 1236 1685 fluidum
1272 1646 1322 1685 et
1355 1637 1640 1700 separabile,
1666 1652 1804 1700 egre·
1874 1689 1878 1691 Ἴ

429 1713 590 1760 dietur
608 1713 765 1776 primo
786 1734 797 1767 ;
836 1713 1011 1760 deinde
1032 1713 1213 1775 egressi
1231 1712 1394 1760 locum
1412 1712 1620 1760 subeunt
1638 1719 1803 1775 partes
1868 1702 1876 1707 Δ

428 1787 539 1845 11133,
571 1804 679 1850 quae
707 1803 795 1850 per
825 1787 949 1834 cutis
980 1803 1127 1850 poros
1155 1787 1364 1834 maxime
1397 1794 1512 1834 sunt
1539 1786 1803 1849 transpira-

427 1862 565 1909 biles.
637 1862 849 1910 Caeteras
874 1878 991 1925 ergo
1014 1869 1194 1924 partes,
1221 1878 1328 1924 quae
1355 1878 1456 1909 non
1489 1861 1801 1919 divelluntur,

428 1937 756 1985 necessarium
802 1946 875 1984 est
914 1937 985 1984 ita
1029 1944 1137 1983 tota
1181 1936 1367 1983 moveri
1410 1936 1555 1994 mole,
1600 1943 1657 1983 ut
1692 1936 1803 1983 loca

428 2012 593 2060 omnia
631 2012 982 2075 compleantur.
1052 2011 1111 2058 Id
1151 2011 1266 2073 quia
1302 2011 1410 2058 fieri
1449 2027 1479 2058 a
1514 2017 1620 2058 tota
1659 2010 1802 2058 simul

426 2087 570 2145 mole,
594 2087 689 2134 nisi
717 2095 880 2150 partes
919 2085 1281 2133 circumstantis
1315 2085 1799 2148 discessurientisque

427 2162 553 2210 aeris
591 2162 957 2224 comprimente,
993 2177 1094 2208 non
1130 2167 1306 2223 potest,
1344 2176 1427 2207 aer
1463 2177 1493 2207 a
1533 2167 1639 2207 tota
1672 2160 1799 2208 mole

426 2237 794 2300 comprimitur;
829 2236 981 2283 moles
1006 2251 1122 2298 ergo
1158 2235 1392 2297 corporis,
1425 2242 1532 2282 tota
1569 2234 1711 2282 simul
1741 2251 1799 2282 ea

423 2312 503 2359 via
522 2327 721 2369 conans,
745 2310 1042 2358 intumescit.
1114 2309 1271 2356 Causa
1293 2325 1410 2372 ergo
1444 2309 1617 2356 caloris
1639 2325 1675 2356 a
1697 2309 1797 2357 sole

422 2387 615 2434 reddita
638 2394 713 2434 est
734 2386 1002 2449 possibilis:
1040 2384 1171 2447 quod
1194 2392 1299 2431 erat
1321 2384 1613 2431 faciendum.

489 2469 535 2510 4.
572 2462 792 2509 Vidimus
811 2462 913 2523 jam
938 2459 1182 2523 quomodo
1206 2459 1305 2517 lux,
1327 2467 1375 2507 et
1395 2459 1639 2522 quomodo
1664 2459 1796 2507 calor

421 2545 715 2601 generatur:
759 2537 892 2584 calor
938 2535 1135 2597 quidem
1175 2550 1235 2582 ex
1280 2551 1353 2593 eo,
1401 2534 1532 2598 quod
1566 2535 1618 2582 in
1658 2543 1795 2589 motu

421 2614 569 2661 medii
595 2612 812 2676 simplice
840 2619 1004 2675 partes
1037 2627 1148 2658 cum
1181 2610 1401 2672 partibus
1435 2610 1544 2657 loca
1579 2625 1794 2657 commu·
1850 2600 1855 2604 ’

421 2696 554 2736 tent:
590 2689 675 2735 lux
698 2695 862 2735 autem
887 2703 946 2734 ex
970 2702 1044 2745 eo,
1070 2685 1200 2748 quod
1223 2686 1274 2732 111
1304 2685 1476 2733 eodem
1507 2697 1646 2733 motu
1680 2685 1792 2732 sim-

421 2764 546 2826 plice
568 2771 867 2827 propagetur
881 2762 1008 2810 actio
1028 2778 1116 2824 per
1132 2761 1312 2809 lineam
1329 2769 1528 2809 rectam.
1584 2758 1791 2809 Quando

421 2856 536 2887 vero
555 2840 826 2902 subjectum
844 2837 1043 2901 aliquod
1062 2838 1208 2885 talem
1227 2838 1278 2884 in
1299 2853 1350 2885 se
1373 2843 1561 2885 motum
1579 2835 1789 2898 partium
