1936 3262
484 263 548 306 48
807 276 1160 310 COMPUTATIO
1190 277 1312 310 SIVE
1341 276 1556 311 LOGICA.

249 402 366 435 PARS
384 402 413 434 1.
557 389 630 432 12.
668 383 726 432 In
767 385 971 448 singulis
1011 386 1087 433 his
1126 387 1312 449 figuris,
1355 387 1396 435 si
1440 387 1733 451 praemissa5‚
1776 402 1866 452 per

245 445 422 529 ,ζμ
485 474 565 506 eas
609 475 718 522 quae
758 469 965 523 possunt
1003 476 1107 508 esse
1144 478 1174 508 a
1216 462 1494 524 quantitate
1536 470 1586 510 et
1628 461 1864 525 qualitate

222 522 413 605 „Mn‘fafflssque
485 533 784 582 differentias
821 536 1010 582 variare
1051 536 1272 594 velimus,
1308 538 1451 584 multi
1484 538 1535 584 in
1571 553 1864 600 unaquaque

221 608 445 692 {egffiffeffiff}
484 625 650 657 earum
685 610 905 657 orientur
939 610 1071 657 modi
1085 629 1104 665 ;
1139 611 1370 658 nimirum
1393 612 1444 658 in
1481 612 1639 675 figura
1678 611 1866 660 directa

220 694 404 745 inqtilesagi
484 689 530 742 6,
566 683 617 732 in
639 685 908 747 figurarum
931 685 1281 734 indirectarum
1306 687 1465 750 prima
1482 693 1530 745 4,
1565 687 1617 734 in
1651 688 1865 735 secunda

221 737 466 779 Ph¹¹⁰⁸⁰ph¹²¹¹¹'
490 765 563 817 14,
602 759 653 806 in
695 761 843 807 tertia
881 766 954 808 18.
1026 761 1123 808 Sed
1155 762 1386 824 quoniam
1421 779 1450 810 a
1480 763 1640 826 figura
1677 761 1865 811 directa

483 834 741 897 rejecimus
766 851 935 883 omnes
960 836 1143 895 modos,
1167 844 1224 884 ut
1248 838 1534 900 superfluos,
1553 844 1733 899 praeter
1752 853 1864 885 eum

485 909 568 972 qui
604 918 800 958 constat
835 927 896 958 ex
932 912 1323 967 universalibus3
1362 920 1412 960 et
1436 914 1574 975 cujus
1608 911 1770 960 minor
1793 912 1864 960 af-

482 985 727 1033 firmativa
750 993 840 1044 est,
864 986 1111 1049 rejicimus
1134 1003 1234 1035 una
1257 1003 1339 1035 eos
1371 988 1540 1034 modos
1575 994 1864 1034 caeterarum

484 1060 767 1122 figurarum,
805 1077 914 1123 quae
947 1062 1173 1110 oriuntur
1197 1079 1256 1111 ex
1278 1063 1640 1127 praemissarum
1663 1062 1863 1111 directae

483 1135 658 1197 figurae
684 1136 1099 1185 conversionibus.

219 1218 404 1268 Categorico
556 1215 630 1257 13.
669 1210 807 1257 Sicut
839 1218 1004 1258 autem
1039 1212 1090 1259 in
1122 1212 1540 1275 propositionibus
1577 1212 1862 1260 necessariis

219 1262 415 1346 Zssffiffiunssss’
484 1291 599 1331 ante
639 1292 890 1332 ostensum
927 1293 1002 1333 est
1035 1287 1363 1350 categoricam
1401 1295 1450 1335 et
1494 1287 1863 1351 hypotheticam

223 1348 457 1390 hypmhe‘icus·
485 1359 856 1422 aequipollentes
881 1376 1002 1419 esse,
1038 1361 1109 1409 ita
1144 1378 1337 1425 quoque
1363 1362 1696 1426 syllogismum
1734 1373 1863 1410 cate-

480 1434 704 1497 goricum
740 1442 790 1482 et
822 1435 1196 1499 hypotheticum
1231 1438 1520 1500 aequivalere
1547 1437 1861 1485 manifestum

481 1518 570 1559 est.
642 1510 960 1574 Syllogismus
986 1512 1116 1559 enim
1140 1512 1445 1575 categoricus
1470 1512 1689 1575 quilibet,
1712 1512 1794 1560 hic

750 1610 921 1658 Omni-5·
943 1611 1080 1658 homo
1106 1618 1182 1658 est
1206 1610 1408 1670 animal,

749 1677 901 1724 Omne
919 1677 1105 1724 animal
1123 1684 1199 1725 est
1225 1694 1423 1741 corpus,
1458 1679 1606 1741 Ergo,

750 1744 920 1791 Omnis
944 1744 1081 1792 bomo
1106 1751 1182 1791 est
1206 1761 1405 1808 corpus.

545 1844 764 1892 Eandem
788 1844 939 1891 habet
961 1843 1061 1892 vim
1082 1860 1228 1907 quam
1250 1845 1598 1908 hypotheticus
1621 1844 1721 1903 hic,

743 1945 802 1993 Sz·
826 1944 951 2008 quid
968 1951 1045 1992 est
1067 1945 1221 2003 homo,
1247 1944 1380 1992 illud
1400 1951 1477 1992 est
1501 1944 1703 2003 animal,

745 2011 803 2058 Si
819 2011 1026 2074 quidest
1040 2011 1240 2070 animal,
1251 2011 1382 2059 illud
1393 2018 1470 2058 est
1485 2028 1685 2076 corpus,
1708 2012 1858 2075 Ergo,

744 2078 803 2125 Si
827 2078 954 2141 quid
973 2085 1049 2125 est
1073 2078 1224 2137 homo,
1251 2077 1383 2125 illud
1403 2085 1480 2125 est
1503 2095 1702 2142 corpus.

549 2177 782 2225 Similiter
806 2177 858 2224 in
880 2178 1039 2240 figura
1060 2177 1303 2225 indirecta
1326 2178 1631 2241 categoricus
1653 2178 1751 2237 hic,

744 2277 931 2324 Nullus
956 2277 1093 2342 lapis
1117 2284 1193 2325 est
1218 2277 1418 2334 animal,

749 2343 917 2391 Omnis
941 2344 1076 2391 homo
1102 2351 1180 2391 est
1203 2343 1403 2403 animal,
1438 2345 1587 2407 Ergo,

746 2410 934 2458 Nullus
957 2411 1092 2458 homo
1116 2417 1193 2458 est
1217 2411 1369 2475 lapis,
1393 2411 1471 2458 vel

743 2476 929 2524 Nullus
954 2477 1090 2541 lapis
1113 2485 1190 2524 est
1213 2477 1366 2524 homo.

544 2576 827 2641 AEquivalet
848 2577 1166 2640 hypothetico
1189 2577 1320 2636 huic,

746 2677 804 2725 Si
827 2676 952 2740 quid
971 2677 1106 2724 homo
1131 2683 1223 2735 est,
1249 2676 1436 2724 animal
1457 2683 1549 2734 est,

743 2744 801 2791 Si
826 2744 950 2807 quid
972 2743 1108 2807 lapi-s*
1131 2750 1223 2802 est,
1248 2743 1436 2791 animal
1457 2761 1551 2791 non
1576 2749 1667 2802 est,
1702 2744 1851 2807 Ergo,

746 2810 805 2858 Si
828 2810 953 2874 quid
969 2810 1105 2874 lapis
1128 2817 1219 2869 est,
1244 2810 1382 2857 homo
1405 2827 1500 2858 non
1524 2816 1614 2866 est,
1637 2810 1714 2858 vel

744 2877 802 2925 Si
824 2877 950 2941 quid
969 2877 1106 2925 homo
1130 2884 1221 2935 est,
1246 2877 1382 2941 lapis
1407 2894 1500 2925 non
1523 2883 1613 2924 est.
