1936 3262
669 263 771 291 vrrA
791 263 898 291 ΤΗο.
921 263 1107 291 nonnas.
1534 252 1607 293 xix

153 373 433 432 phaenornena
462 373 532 416 ille
567 374 709 417 omnia
736 374 791 417 ad
820 384 982 417 motum
1002 373 1142 424 refert,
1174 388 1259 416 non
1290 374 1345 417 ad
1374 389 1515 417 rerum
1545 377 1606 433 ip-

148 480 293 508 sarum
311 466 517 523 potentias
537 466 783 518 intrinsicas,
815 481 954 524 neque
982 466 1038 509 ad
1067 465 1288 524 qualitates
1317 462 1522 519 occultas3
1555 477 1603 510 ut

151 565 250 600 ante
289 556 408 599 illum
446 572 591 599 omnes
629 557 801 615 physici.
861 558 930 599 De
964 566 1082 600 motu
1119 567 1274 609 autem,
1316 558 1360 599 in
1398 557 1507 600 libro
1537 562 1606 602 De

151 650 348 708 Corpore,
369 651 466 694 satis
485 651 575 693 fuse
594 651 770 708 scripsit,
792 659 836 693 et
852 650 1187 708 profundissime.

207 740 261 782 In
292 740 452 784 Ethicis
470 750 569 784 ante
587 740 707 783 illum
727 740 832 783 nihil
862 741 1062 798 scriptum
1094 749 1169 791 est,
1202 749 1356 797 praeter
1376 741 1602 783 sententias

147 830 352 890 vulgares.
423 832 485 874 At
513 831 583 874 ille
603 846 739 874 mores
770 831 989 874 hominum
1020 831 1075 873 ab
1105 831 1290 873 humana
1325 841 1488 882 natura,
1519 831 1601 873 vir-

147 931 258 966 tutes
295 932 338 965 et
375 923 477 965 vitia
510 938 537 965 a
573 922 666 981 lege
705 922 901 973 naturali,
951 931 994 965 et
1027 921 1261 964 bonitatem
1310 921 1601 979 maliciamque

146 1013 359 1056 actionum
388 1028 415 1055 a
445 1013 609 1071 legibus
646 1013 876 1064 civitatum,
918 1012 1133 1055 derivavit.
1194 1012 1247 1055 In
1282 1013 1598 1064 mathematicis,

145 1104 350 1162 principia
382 1105 625 1162 geometriae
657 1103 863 1146 nonnulla
882 1104 1076 1147 correxit.
1141 1104 1410 1147 Problemata
1429 1105 1601 1163 aliquod

145 1194 390 1238 difficillima
406 1210 432 1238 a
450 1195 623 1238 summis
638 1194 862 1252 geometris
887 1194 959 1251 (ab
981 1194 1078 1251 ipsis
1099 1195 1342 1252 geometriae
1357 1196 1595 1250 cunabulis)

145 1300 312 1329 summo
330 1286 469 1330 studio
488 1286 643 1329 frustra
662 1287 849 1344 quaesita,
872 1287 1057 1337 invenit3
1095 1286 1296 1328 nimirum
1322 1286 1412 1329 haec
1429 1303 1439 1328 :

205 1381 242 1420 1.
273 1377 407 1420 Arcui
438 1377 583 1420 circuli
618 1377 771 1420 lineam
801 1387 972 1428 rectam,
1016 1392 1126 1420 areae
1163 1378 1307 1420 circuli
1343 1378 1598 1435 quadratum

143 1468 306 1527 aequale
324 1469 536 1520 exhibere,
558 1468 686 1526 idque
706 1468 828 1511 variis
848 1467 1069 1519 methodis.
1129 1468 1182 1510 In
1203 1468 1375 1511 diversis
1394 1468 1525 1511 libris.

202 1564 243 1604 2.
276 1560 436 1603 Datum
456 1560 677 1618 Angulum
697 1559 884 1603 dividere
905 1561 949 1602 in
970 1560 1069 1602 data
1088 1559 1263 1603 ratione.

201 1655 242 1695 3.
273 1651 386 1695 Cubi
404 1650 459 1695 ad
478 1651 687 1709 sphaeram
707 1652 912 1694 rationem
932 1651 1134 1695 invenire.
1194 1650 1247 1692 In
1261 1652 1599 1695 Problematibus

145 1746 434 1787 Geometre’cis.

199 1836 240 1877 4.
273 1833 392 1876 Inter
407 1833 514 1877 duas
543 1844 676 1878 rectas
707 1834 838 1886 datas,
870 1834 1028 1877 medias
1048 1833 1247 1876 continue
1266 1833 1597 1890 proportionales

136 1924 330 1970 invenire
349 1934 633 1984 quotcunque.
694 1926 747 1968 In
768 1928 1114 1970 Problematibus
1137 1928 1423 1969 Geometrz‘cis.

199 2019 238 2059 5.
271 2016 537 2075 Polygonum
575 2017 769 2075 regulare
803 2016 1039 2059 describere
1085 2025 1355 2074 quotcunque
1403 2015 1594 2059 laterum.

137 2108 196 2151 In
222 2111 381 2154 Roseto.

199 2203 237 2243 6.
271 2201 477 2244 Centrum
497 2201 713 2259 gravitatis
729 2200 916 2243 invenire
933 2199 1179 2258 quadrantis
1198 2199 1355 2250 circuli,
1377 2209 1420 2242 et
1434 2199 1592 2250 bilinei‚

141 2291 259 2349 quod
276 2292 516 2339 continetur
534 2307 634 2334 arcu
656 2292 902 2350 quadrantis
922 2301 965 2334 et
984 2291 1182 2334 subtensa
1193 2292 1297 2348 ejus.
1359 2291 1411 2332 In
1432 2294 1592 2335 Roseto.

199 2387 239 2427 7.
271 2383 431 2426 Centra
479 2383 695 2442 gravitatis
734 2383 924 2426 invenire
962 2382 1349 2440 paraboliformium
1390 2383 1593 2428 omnium.

142 2473 196 2517 In
215 2473 325 2516 libro
347 2477 416 2518 De
438 2477 633 2532 Corpore.

201 2565 308 2626 Haec
327 2567 469 2609 omnia
486 2567 647 2624 primus
668 2567 903 2610 construxit
922 2576 966 2609 et
984 2566 1298 2617 demonstravit,
1325 2576 1368 2608 et
1388 2575 1593 2624 praeterea

139 2657 222 2700 alia
241 2657 396 2709 multa3
427 2673 523 2716 quae
548 2658 667 2716 (quia
685 2658 923 2716 legentibus
951 2667 1186 2709 occurrent,
1219 2667 1262 2700 et
1281 2657 1452 2701 minoris
1472 2658 1588 2712 sunt)

139 2758 358 2806 praetereo.

150 2871 153 2874 -
199 2839 373 2884 Facient
396 2840 581 2898 (opinor)
614 2841 720 2893 haec,
753 2851 802 2884 ut
835 2842 921 2884 vita
951 2842 1040 2898 ejus
1075 2856 1159 2883 non
1192 2840 1367 2898 indigna
1385 2840 1588 2892 videatur,

138 2945 237 2990 quoe
269 2941 361 2974 tum
389 2932 446 2975 ad
475 2941 640 2976 exteros
675 2942 767 2976 tum
792 2933 848 2976 ad
874 2942 1060 2990 posteros
1089 2933 1356 2975 scientiarum
1386 2932 1590 2975 studiosos

1404 3040 1427 3066 c
1446 3027 1473 3065 2
