1910 3256
199 351 259 383 PA
265 351 316 383 Rs
333 351 392 384 IV.

273 396 325 426 25.

187 482 407 513 Dicendorum

185 535 260 555 cum
276 525 368 574 dictis

185 577 351 600 connexio.

447 228 541 270 316
1011 238 1262 271 PHYsch.

446 349 504 395 In
529 363 733 411 quarum
756 350 933 412 priore,
969 350 1349 397 ratiocinationis
1377 349 1616 412 principia
1647 349 1818 411 prima,

444 439 620 487 nempe
649 424 968 481 definitiones,
997 440 1113 471 vera
1143 441 1245 472 esse
1268 425 1472 472 facimus
1494 430 1685 472 nosmet
1711 425 1818 487 ipsi,

444 515 532 561 per
569 499 935 547 consensionem
971 500 1101 547 circa
1134 516 1297 547 rerum
1331 500 1691 563 appellationes.
1757 499 1820 546 Et

444 574 572 622 hanc
613 575 808 637 quidem
852 582 1041 637 partem
1084 575 1295 637 priorem
1342 581 1573 622 executus
1618 589 1726 621 sum
1768 573 1819 621 in

443 649 853 712 praecedentibus3
880 649 930 696 in
955 649 1143 711 quibus,
1174 650 1226 697 ni
1248 650 1404 708 fallor,
1435 649 1556 697 nihil
1571 649 1818 708 affirmavi,
1869 690 1876 697 .

444 731 622 787 praeter
657 725 978 783 definitioneS,
1005 725 1135 787 quod
1163 741 1275 772 cum
1310 725 1672 772 definitionibus
1705 724 1821 787 ipsis

443 815 544 847 non
577 801 701 847 bene
738 801 995 859 cohaereat,
1021 800 1073 847 id
1107 807 1195 859 est,
1222 801 1352 863 quod
1384 801 1494 859 illis,
1520 800 1603 863 qui
1637 799 1698 847 de
1728 815 1821 848 usu

443 876 790 923 vocabulorum
841 892 1033 923 mecum
1080 877 1390 924 consentiunt
1441 883 1490 924 et
1535 875 1820 938 quibuscum
1871 906 1873 908 v

444 950 564 997 mihi
600 951 712 998 solis
756 967 833 998 res
880 958 967 1010 est,
1005 968 1104 999 non
1151 951 1213 998 sit
1257 951 1374 999 satis
1420 951 1818 999 demonstratum.
1862 971 1875 978 ⁴*
1909 940 1910 957 ³

444 1025 720 1089 Aggredior
738 1026 840 1088 jam
863 1033 1052 1088 partem
1080 1026 1297 1085 alteram,
1319 1043 1348 1074 a
1369 1025 1699 1089 phaenomenis
1721 1025 1820 1074 sive
1873 1045 1881 1082 ;·

446 1101 699 1148 effectibus
740 1108 928 1149 naturae
967 1102 1107 1149 nobis
1151 1117 1238 1165 per
1279 1118 1473 1149 sensum
1507 1101 1714 1164 cognitis
1758 1099 1822 1148 ad

443 1176 643 1223 modum
676 1176 1067 1239 investigandum
1102 1177 1327 1239 aliquem,
1359 1178 1499 1240 juxta
1533 1192 1692 1239 quem,
1721 1191 1820 1224 non

445 1251 554 1298 dico
578 1259 814 1314 generata
837 1259 965 1310 sunt,
991 1252 1078 1300 sed
1100 1253 1325 1315 generari
1347 1259 1626 1316 potuerunt.
1685 1251 1821 1298 Prin-

445 1327 572 1389 cipia
616 1327 780 1390 igitur,
822 1328 952 1374 unde
992 1328 1209 1391 pendent
1251 1344 1358 1390 quae
1399 1335 1683 1391 sequuntur,
1720 1341 1820 1374 non
1866 1319 1904 1355 2.-

442 1402 648 1450 facimus
680 1418 786 1460 nos,
824 1418 916 1450 nec
955 1404 1336 1466 pronunciamus
1375 1403 1730 1460 universaliter,
1766 1408 1822 1449 ut

444 1478 765 1535 definitiones,
791 1478 876 1525 sed
901 1494 930 1525 a
952 1486 1142 1526 naturae
1179 1478 1432 1525 conditore
1466 1478 1518 1525 in
1540 1477 1656 1540 ipsis
1679 1477 1822 1524 rebus

441 1554 600 1616 posita
624 1553 936 1601 observamus
958 1574 970 1608 ;
1006 1569 1099 1600 nec
1134 1553 1474 1600 universaliter
1494 1552 1712 1615 prolatis,
1737 1551 1822 1600 sed

443 1628 646 1691 singulis
669 1628 869 1675 utimur.
944 1629 1112 1690 Neque
1147 1627 1487 1675 necessitatem
1509 1627 1614 1675 haec
1635 1627 1823 1676 faciunt

441 1703 770 1761 theorematis,
826 1703 913 1750 sed
962 1711 1169 1762 tantum,
1221 1719 1319 1750 non
1372 1704 1554 1766 absque
1603 1702 1821 1766 proposi-

441 1779 656 1826 tionibus
685 1778 1039 1825 universalibus
1064 1794 1210 1841 supra
1233 1778 1595 1836 demonstratis,
1619 1794 1821 1841 genera-

441 1853 590 1901 tionis
637 1853 840 1915 alicujus
887 1854 1153 1901 ostendunt
1192 1854 1578 1917 possibilitatem.
1661 1855 1821 1917 Atque

441 1928 556 1975 huic
570 1929 713 1991 parti,
739 1929 854 1991 quia
868 1929 1100 1991 cognitio,
1122 1945 1229 1991 quae
1243 1929 1324 1976 hic
1339 1929 1566 1988 traditur,
1584 1930 1822 1993 principia

441 2004 589 2051 habet
611 2004 663 2051 in
697 2011 887 2051 naturae
921 2004 1257 2066 phaenomenis
1286 2011 1335 2051 et
1362 2004 1542 2051 desinit
1575 2005 1626 2052 in
1661 2005 1822 2067 aliqua

443 2079 649 2127 scientia
672 2095 928 2127 causarum
951 2080 1261 2138 naturalium,
1285 2079 1510 2142 inscripsi
1532 2080 1818 2128 PHYSIGAM

443 2155 544 2202 sive
569 2155 631 2201 de
654 2161 850 2201 natura>
877 2154 1230 2218 phoenomenis.
1300 2155 1625 2202 Phaenomena
1658 2162 1820 2202 autem

444 2230 751 2292 appellantur
798 2246 1101 2292 quaecunque
1147 2237 1385 2293 apparent
1430 2230 1530 2277 sive
1574 2246 1605 2277 a
1648 2237 1821 2278 natura

442 2305 583 2353 nobis
604 2312 719 2352 sunt
742 2313 952 2352 ostensa.

1864 1343 1895 1414 ’Ξ

1864 1891 1868 1898 ›

1871 2228 1906 2389 ¹v23ssi²{‘',{
1879 2159 1899 2191 a<

509 2381 874 2427 Phaenomenffin
913 2386 1076 2427 autem
1122 2380 1354 2438 omnium,
1393 2396 1502 2442 quae
1537 2395 1689 2443 prope
1731 2394 1819 2428 nos

443 2456 672 2513 existunt>
688 2455 740 2501 id
754 2455 913 2517 ipsum
936 2455 985 2500 τὸ
1001 2454 1213 2515 φαίνεσθαι
1238 2462 1312 2501 est
1331 2454 1822 2512 admirabilissimum,

442 2531 687 2588 nimirum,
723 2530 775 2576 in
810 2529 1093 2592 corporibus
1133 2530 1434 2577 naturalibus
1471 2530 1566 2577 alia
1604 2530 1819 2578 omnium

441 2606 543 2653 fere
589 2621 768 2663 rerum,
804 2605 899 2652 alia
938 2605 1183 2651 nullarum
1218 2604 1269 2651 in
1315 2604 1484 2667 seipsis
1526 2604 1822 2668 exemplaria

440 2680 621 2728 habere
639 2702 650 2736 ;
687 2680 809 2727 adeo
831 2689 889 2727 ut
913 2680 952 2727 si
980 2680 1302 2742 phaenomena
1323 2680 1566 2743 principia
1584 2680 1682 2727 sint
1704 2694 1817 2741 cog·-
1870 2724 1899 2756 [¹44

1875 2508 1877 2510 ·
1884 2500 1892 2518 φ

1879 2578 1910 2615 ,ύὲ

1881 2616 1906 2651 '5⁴

1875 2663 1899 2703 J<
1903 2679 1910 2700 .-

440 2756 672 2804 noscendi
696 2763 889 2813 caetera,
915 2755 1187 2802 sensionem
1213 2754 1537 2817 cognoscendi
1559 2756 1664 2817 ipsa
1690 2753 1818 2817 prin·

442 2831 568 2893 cipia
601 2831 892 2894 principium
928 2846 1047 2888 esse,
1074 2830 1422 2892 scientiamque
1451 2845 1643 2878 omnem
1678 2830 1737 2876 ab
1761 2843 1819 2876 ea
