1910 3256
223 351 335 426 hui}
362 352 419 383 IV.

193 2463 366 2494 Praeteritae

195 2506 350 2537 sensionis
367 2506 436 2537 reli·

193 2560 275 2589 qulae
291 2560 443 2589 imagina-

193 2593 237 2623 tio
249 2605 255 2628 ;
272 2598 382 2632 quaeet
395 2603 457 2623 me-

191 2635 301 2666 moria.
346 2635 430 2666 Item

193 2679 231 2709 de
247 2689 367 2710 somno.

471 227 562 268 322
1025 234 1278 267 PHYSICA.

471 345 641 407 organi
683 351 845 408 partes
888 359 1071 402 omnes,
1118 344 1179 390 ab
1224 344 1369 392 unius
1415 345 1618 408 alicujus
1664 344 1848 410 objecti
1892 367 1893 370 ¹

470 420 692 468 sensione
747 419 1023 468 vehementi
1081 427 1464 479 commoventur,
1522 420 1586 468 ad
1638 420 1851 469 aliorum

471 496 774 558 objectorum
831 495 1065 552 omnium,
1122 494 1185 542 ad
1242 511 1582 559 quemcunque
1636 495 1847 544 attinent

470 586 679 624 5011511111,
718 571 961 618 actionem
994 569 1339 632 recipiendam,
1374 586 1462 633 per
1489 571 1843 618 contumaciam
1904 603 1910 611 ,.

470 662 614 708 quam
636 653 770 693 mota
791 646 973 693 habent
996 645 1059 691 ad
1081 652 1270 692 motum
1292 645 1626 709 recipiendum
1647 661 1842 706 novum,

469 720 630 768 minus
655 728 770 768 sunt
791 720 944 767 utilia.
1013 719 1076 766 Et
1098 718 1212 766 inde
1236 726 1310 767 051
1342 720 1475 782 quod
1500 720 1645 768 unius
1668 720 1845 784 objecti
1880 742 1883 746 ⁴

470 795 686 843 studium
725 795 931 842 aliorum
967 794 1270 857 objectorum
1307 811 1517 854 sensum,
1553 803 1845 859 praesentem

471 870 682 932 quidem,
729 871 916 917 nullum
962 885 1068 917 esse
1113 870 1314 932 patitur.
1433 871 1660 919 Studium
1716 871 1845 920 enim

470 945 603 992 aliud
625 961 725 992 non
751 952 824 993 est
855 952 1036 1008 praeter
1067 945 1215 992 animi
1251 946 1635 1009 occupationem,
1669 946 1723 994 id
1755 954 1845 1006 est,
1870 963 1882 989 -ῑ
1908 981 1910 983 ·

471 1035 764 1082 organorum
788 1020 1028 1068 sentiendi
1051 1028 1237 1068 motum
1261 1021 1321 1068 ab
1353 1038 1450 1069 11110
1474 1022 1635 1085 aliquo
1656 1022 1847 1086 objecto

469 1094 652 1142 factum
682 1096 1035 1154 vehementem,
1069 1112 1164 1157 quo
1201 1095 1405 1143 durante
1440 1096 1504 1144 ad
1538 1104 1715 1145 caetera
1747 1103 1848 1145 stu-

470 1176 620 1232 pent;
674 1171 816 1233 juxta
870 1170 922 1217 id
978 1170 1109 1233 quod
1166 1170 1349 1218 dictum
1401 1178 1476 1219 est
1525 1187 1556 1219 a
1603 1171 1845 1231 Terentio,

473 1244 696 1309 Populus
720 1245 886 1293 Studio
904 1246 1137 1310 stupidus
1161 1245 1212 1293 in
1216 1245 1519 1309 funambulo
1543 1247 1752 1295 animum
1769 1262 1848 1294 oca

474 1327 705 1384 cuparat.
755 1321 935 1384 Stupor
958 1328 1121 1368 autem
1140 1320 1259 1384 quid
1277 1328 1351 1368 est
1368 1330 1548 1384 praeter
1566 1321 1849 1380 ἀναισθησίαν,

474 1394 524 1441 id
548 1402 637 1454 est,
674 1396 917 1443 sentiendi
947 1396 1042 1443 alia
1075 1395 1427 1443 cessationem?
1498 1396 1711 1445 Unicum
1733 1411 1848 1460 ergo

474 1477 548 1518 est
571 1472 831 1534 objectum,
859 1471 989 1534 quod
1010 1487 1109 1519 uno
1130 1479 1179 1518 et
1199 1471 1370 1518 eodem
1387 1478 1605 1535 tempore
1629 1471 1850 1519 sensione
1880 1486 1894 1515 η

473 1547 756 1610 percipitur.
847 1546 984 1594 Adeo
1029 1554 1086 1594 ut
1124 1547 1344 1609 legentes
1380 1547 1546 1595 literas
1582 1546 1850 1594 successive
1892 1546 1893 1549 ’

472 1637 572 1669 11011
617 1638 784 1670 0111ῃο5
824 1622 1046 1670 videmus
1093 1622 1251 1680 simul,
1299 1623 1496 1670 tametsi
1533 1630 1640 1670 tota
1671 1619 1898 1685 pagina.
1878 1657 1899 1676 ,,

473 1697 754 1753 illustretur,
779 1706 830 1745 et
863 1704 1138 1760 spectantes
1168 1713 1267 1744 uno
1302 1697 1485 1745 intuitu
1519 1698 1570 1745 in
1605 1697 1848 1760 paginam,
1876 1691 1895 1766 ᾗ

473 1773 691 1834 quamvis
719 1772 1082 1819 distinctissime
1105 1772 1261 1820 literae
1287 1772 1491 1835 singulae
1520 1773 1713 1835 scriptae
1737 1771 1886 1838 51111,-ἑζΙ

472 1847 678 1910 1081111115
703 1854 867 1894 13111011
889 1846 1028 1894 nihil.

540 1923 754 1986 Intelligi
777 1923 892 1970 hinc
909 1929 1071 1985 potest
1090 1929 1319 1970 conatum
1336 1923 1511 1987 organi
1525 1922 1589 1970 ad
1612 1922 1850 1970 exteriora
1870 1926 1892 1973 ἑῖ

472 2014 571 2045 11011
605 2014 799 2045 omnem
837 1997 1101 2050 dicendum,
1133 2013 1236 2045 0550
1268 1997 1555 2056 sensionem,
1595 1998 1681 2046 sed
1714 1998 1848 2045 illum
1870 1991 1891 2065 '23

474 2081 666 2120 tantum
690 2073 773 2135 qui
796 2072 998 2130 caeteris,
1023 2088 1112 2135 pro
1137 2072 1339 2135 singulis
1367 2073 1682 2135 temporibus,
1706 2063 1891 2130 vehe-y's

473 2149 655 2195 mentia
693 2155 892 2211 praestat
933 2154 982 2194 et
1019 2147 1429 2210 praedominatur;
1468 2156 1848 2211 caeterarumque
1882 2144 1883 2147 '

474 2239 636 2270 rerum
659 2223 1014 2286 phantasmata,
1038 2232 1094 2270 ut
1123 2223 1207 2270 lux
1231 2223 1344 2271 solis
1381 2230 1667 2271 caeterorum
1697 2230 1849 2271 astro-

471 2314 582 2345 rum
622 2299 795 2357 lucem,
842 2315 942 2345 non
979 2298 1222 2346 actionem
1266 2298 1591 2361 impediendo,
1635 2299 1722 2347 sed
1762 2312 1849 2362 per

471 2373 712 2436 fulgorem
735 2373 939 2420 nimium
963 2373 1243 2421 offuscando
1266 2380 1315 2421 et
1338 2374 1680 2422 abscondendo
1705 2373 1846 2422 tollit,

540 2451 586 2502 7.
624 2448 757 2496 Solet
797 2455 960 2496 autem
1003 2455 1164 2496 motus
1210 2449 1397 2512 organi,
1448 2465 1508 2496 ex
1553 2466 1650 2513 quo
1695 2449 1847 2497 oritur

472 2523 778 2586 phantasma,
836 2540 936 2571 non
991 2524 1084 2571 nisi
1138 2532 1377 2586 praesente
1433 2525 1641 2587 objecto,
1687 2523 1843 2572 sensio

473 2599 733 2661 appellari:
770 2607 959 2647 remoto
984 2606 1146 2646 autem
1170 2599 1270 2646 sive
1296 2606 1614 2662 praetervecto
1638 2599 1843 2662 objecto,

473 2681 699 2722 manente
721 2681 886 2722 tamen
908 2675 1262 2737 phantasmate,
1295 2675 1566 2737 phantasia,
1592 2681 1641 2722 et
1663 2673 1843 2722 Latinis
1876 2699 1878 2702 >

471 2748 754 2811 imaginatio
772 2770 783 2804 ;
814 2765 921 2812 quae
940 2765 1049 2807 vox,
1069 2749 1297 2812 quoniam
1316 2766 1414 2797 non
1439 2750 1602 2797 omnia
1618 2750 1844 2812 phantas-

472 2830 602 2870 mata
626 2824 860 2886 imagines
885 2830 1012 2881 sunt,
1037 2824 1308 2886 phantasiae
1331 2825 1622 2886 generaliter
1641 2830 1843 2886 sumptae
