1910 3256
217 376 330 412 PARS
357 382 413 412 IV.

288 425 341 456 29.

463 256 558 297 406
1025 267 1279 301 PHYsmA.

531 372 672 423 Circa
712 391 941 424 sonorum
981 383 1285 432 concentum,
1323 376 1727 424 considerandum
1763 385 1838 426 est

465 451 595 514 quod
625 451 944 514 reciprocatio
977 452 1075 498 sive
1099 452 1305 499 vibratio
1341 452 1481 509 aeris,
1518 467 1577 498 ex
1607 467 1702 514 quo
1738 453 1838 500 effi-

402 561 434 581 n-
464 527 591 573 citur
614 542 773 585 sonus,
809 536 1070 590 postquam
1104 527 1166 574 ad
1202 535 1488 590 tympanum
1524 526 1654 574 auris
1689 542 1839 590 appu-

462 601 588 660 lerit,
613 603 728 660 aeri,
766 603 848 665 qui
886 603 937 650 in
971 603 1076 665 ipso
1101 610 1174 650 est
1192 603 1405 650 inclusus
1439 602 1626 664 ipsique
1661 617 1838 665 conge-

462 677 609 735 nitus,
643 678 877 740 imprimit
899 678 1220 725 vibrationem
1245 678 1466 735 similem,
1504 693 1563 724 ex
1588 692 1685 739 qua
1705 677 1762 724 fit
1783 683 1840 724 ut

461 753 614 800 latera
654 753 873 816 tympani
919 753 1111 800 interne
1167 753 1502 815 percutiantur
1545 751 1837 799 alternatim.

463 827 740 875 Concentus
782 835 947 875 autem
994 828 1200 875 duorum
1246 844 1474 876 sonorum
1516 835 1605 886 est,
1647 826 1840 890 quando

462 911 746 966 tympanum
782 903 949 965 spatiis
983 910 1259 965 temporum
1296 902 1561 965 aequalibus
1585 910 1635 950 et
1658 901 1840 949 crebris

461 978 613 1025 ictum
637 979 697 1025 ab
722 986 932 1040 utroque
968 986 1172 1026 sonante
1211 978 1354 1025 simul
1389 978 1583 1041 accipit.
1652 978 1839 1040 Itaque,

462 1053 501 1100 si
526 1053 635 1100 duae
666 1052 863 1100 chordae
893 1053 1188 1100 vibrationes
1220 1069 1330 1100 suas
1368 1053 1498 1100 inter
1533 1069 1584 1100 se
1620 1060 1842 1116 tempore

463 1128 672 1190 aequales
691 1128 890 1186 habent,
921 1127 1170 1192 (ἱσοχρόνες
1205 1128 1424 1188 vocant),
1459 1129 1546 1175 fiet
1580 1134 1842 1175 concentus

462 1203 890 1265 exquisitissimus;
925 1219 1039 1250 nam
1062 1203 1215 1251 latera
1238 1203 1474 1267 tympani,
1494 1203 1547 1250 id
1569 1210 1656 1261 est,
1672 1203 1843 1266 organi

463 1278 709 1337 auditorii,
733 1278 848 1325 'hinc
874 1285 923 1325 et
946 1277 1060 1325 inde
1083 1278 1407 1341 pulsabuntur
1430 1278 1585 1325 simul.
1622 1277 1843 1340 Exempli

464 1369 624 1411 causa,
651 1353 690 1400 si
706 1353 902 1401 chordae
924 1354 970 1400 A
986 1354 1042 1412 Β,
1068 1354 1165 1401 CD
1189 1353 1400 1416 aequales
1416 1353 1559 1400 simul
1572 1353 1842 1416 pulsentur,

463 1428 846 1490 vibrationisque
885 1428 1170 1476 latitudines
1208 1428 1418 1491 aequales
1457 1428 1687 1486 habeant,
1728 1428 1769 1475 E
1789 1427 1842 1486 F,

463 1504 584 1562 GH,
626 1511 676 1550 et
713 1503 776 1550 sit
812 1511 997 1565 puncta
1034 1503 1090 1562 E,
1129 1504 1186 1562 G,
1228 1503 1280 1561 F,
1326 1503 1373 1549 H
1411 1502 1463 1549 in
1498 1503 1603 1566 ipsa
1625 1502 1844 1566 tympani

464 1594 678 1625 concava
702 1578 973 1640 superficie,
999 1578 1060 1624 ab
1083 1586 1292 1640 utraque
1316 1585 1482 1624 autem
1496 1577 1680 1625 chorda
1702 1576 1845 1624 simu]

462 1654 681 1715 pulsetur
703 1660 989 1716 tympanum
1023 1653 1074 1700 in
1098 1654 1137 1700 E
1163 1660 1213 1700 et
1238 1653 1294 1711 G,
1332 1660 1382 1700 et
1416 1668 1583 1700 rursus
1617 1652 1760 1700 simul
1792 1651 1844 1699 in

463 1728 500 1774 F
525 1735 575 1774 et
600 1728 678 1774 I-I:
715 1727 836 1774 adeo
878 1728 971 1774 erit
1007 1728 1068 1774 ab
1105 1728 1359 1790 utriusque

464 1803 658 1850 chordae
681 1803 955 1850 vibratione
990 1818 1136 1849 sonus
1172 1803 1357 1860 similis,
1427 1774 1471 1887 ὲ
1734 1773 1778 1887 ll}

462 1886 519 1925 ut
541 1878 693 1941 possit
717 1877 885 1925 haberi
921 1893 1010 1940 pro
1035 1877 1235 1931 eodem3
1273 1878 1358 1940 qui
1496 1903 1538 1950 G
1620 1903 1659 1950 E

464 1961 536 2000 est
559 1961 828 2000 concentus
868 1952 1123 2006 maximus,
1166 1960 1216 1999 et
1249 1952 1357 1999 uni-

464 2044 610 2075 sonus
657 2028 943 2091 appellatur.
988 2026 991 2030 ’
1037 2025 1237 2085 Rursus,
1283 2042 1356 2074 re-
1681 2064 1725 2110 K

464 2109 601 2150 tenta
631 2103 825 2150 chordae
848 2103 893 2149 A
909 2102 949 2149 B
974 2101 1245 2149 vibratione
1269 2117 1356 2164 per

462 2179 502 2225 E
522 2179 573 2236 F,
599 2178 770 2225 eadem
794 2193 903 2240 quae
925 2177 1060 2240 prius
1093 2184 1213 2235 erat,
1248 2183 1355 2224 ten—
1681 2152 1720 2278 {A

465 2254 703 2315 daturque
746 2252 929 2300 chorda
971 2251 1010 2299 C
1025 2252 1069 2299 D
1107 2251 1262 2299 donec
1284 2252 1354 2298 vi-

462 2329 620 2376 bratio
668 2330 771 2391 ejus
823 2328 970 2391 duplo
1025 2327 1238 2375 velocior
1294 2328 1355 2375 sit
1494 2371 1542 2418 H
1624 2371 1662 2418 F

464 2420 610 2466 quam
633 2411 762 2462 ante,
805 2411 855 2450 et
896 2403 1140 2450 dividatur
1167 2403 1207 2450 E
1222 2403 1260 2450 F
1280 2403 1354 2450 bi-

463 2477 636 2525 fariam
660 2478 712 2525 in
738 2479 777 2525 Ι.
849 2477 960 2526 Quo
1002 2485 1222 2540 tempore
1261 2494 1378 2542 ergo
1416 2479 1612 2527 chordae
1654 2479 1693 2527 C
1710 2480 1755 2528 D
1788 2481 1845 2528 fit

464 2554 751 2601 vibrationis
782 2569 895 2616 pars
919 2569 1016 2600 una
1038 2569 1068 2600 a
1091 2553 1134 2600 G
1156 2553 1220 2601 ad
1244 2554 1309 2612 H,
1347 2554 1518 2602 eodem
1546 2562 1765 2618 tempore
1787 2556 1845 2603 fit

468 2644 569 2675 una
605 2645 718 2691 pars
754 2628 1040 2676 vibrationis
1072 2628 1268 2676 chordae
1296 2628 1340 2675 A
1358 2629 1398 2676 B
1428 2630 1488 2676 ab
1518 2629 1558 2676 E
1587 2630 1713 2678 adl.
1780 2631 1844 2678 Et

465 2720 562 2766 quo
587 2711 807 2767 tempore
831 2704 1027 2751 chordae
1052 2703 1090 2750 C
1104 2703 1148 2750 D
1172 2704 1231 2750 fit
1253 2704 1409 2752 altera
1423 2719 1537 2767 pars
1558 2705 1843 2753 vibrationis

464 2786 731 2826 retrorsum
769 2779 830 2826 ab
870 2779 918 2825 H
963 2779 1027 2826 ad
1066 2778 1123 2836 G,
1161 2778 1333 2826 eodem
1367 2786 1586 2842 tempore
1622 2781 1843 2828 confecta

464 2854 558 2901 erit
581 2853 866 2901 vibrationis
902 2853 1098 2901 chordae
1129 2853 1172 2900 A
1192 2853 1231 2901 B
1261 2870 1374 2916 pars
1397 2855 1552 2903 altera
1574 2856 1636 2903 ab
1662 2856 1684 2903 I
1707 2857 1771 2904 ad
1788 2855 1839 2903 F.
