1910 3256
226 361 339 392 PARS
354 362 410 392 lv.

293 405 344 438 27.

230 451 414 473 ψ-γῄκ

191 878 294 909 Causa
308 879 422 911 virium

189 922 325 962 pulveris
341 928 403 953 tor—

189 965 343 1001 mentm-ii:
359 967 447 1006 quid·

189 1017 249 1047 que
273 1009 411 1047 carboni,

189 1051 265 1091 quid
279 1051 431 1092 sulphuri,

189 1094 264 1133 quid
275 1095 357 1125 nitro
373 1096 426 1126 tri-

187 1136 345 1169 buendum
360 1138 412 1170 sit.

466 235 558 287 372
1021 248 1270 281 PHYsmA.

464 358 603 420 plura
625 366 880 421 coguntur,
919 375 1066 421 quam
1099 375 1187 421 pro
1225 358 1414 406 ratione
1438 358 1631 405 aetheris
1654 358 1704 406 in
1729 374 1835 422 quo¹

465 439 651 479 motum
696 449 836 481 suum
881 434 1031 481 libere
1078 450 1302 481 exercere
1347 442 1564 496 possunt.
1655 434 1829 495 Itaque-

465 507 795 556 vehementius
840 518 1112 567 moventur,
1154 517 1203 556 et
1239 509 1383 556 modo
1423 508 1503 556 hic
1543 508 1687 556 modo
1728 508 1827 556 illie

465 583 617 630 nubes
657 600 767 630 cum
810 584 1003 647 fragore
1046 584 1376 646 diffringentia
1410 584 1732 647 exeuntiaque
1777 592 1827 631 et

465 673 640 721 magna
661 659 710 705 vi
743 675 904 706 aerem
934 659 1288 706 commoventia
1319 666 1368 705 et
1404 659 1570 706 oculos
1602 658 1828 706 ferientia

464 733 627 780 lumen
649 741 899 796 generant,
924 733 972 780 id
1010 741 1098 791 est,
1133 733 1327 787 lucent;
1364 742 1438 781 est
1472 742 1636 797 autem
1662 733 1744 780 lux
1771 749 1828 781 ea

463 807 639 871 fulgur.

535 889 608 930 10.
644 883 1001 930 Phaenomenon
1025 884 1085 931 ab
1113 884 1226 946 igne
1251 883 1651 946 cognitissimum,
1673 882 1827 933 1113111-1

464 973 556 1019 que
579 957 1049 1004 admirabilissimum
1072 967 1145 1004 est
1176 957 1248 1005 vis
1282 957 1468 1005 incensi
1490 958 1702 1021 pulveris
1725 965 1830 1005 tor-

463 1033 702 1080 mentarii.
773 1033 870 1081 Qui
892 1034 1065 1096 pulvis,
1101 1050 1211 1080 cum
1246 1049 1277 1080 a
1313 1033 1460 1091 nitro,
1498 1033 1741 1096 sulphure,
1778 1040 1828 1081 et

464 1108 672 1154 carbone
718 1107 848 1154 tritis
895 1108 958 1155 sit
1003 1107 1312 1170 compositus,
1350 1107 1498 1154 habet
1542 1123 1572 1154 a
1618 1107 1830 1158 carbone.

464 1181 794 1229 accensionem
817 1182 1050 1244 primam3
1087 1198 1116 1229 a
1135 1182 1363 1244 sulphure
1385 1181 1605 1229 fomitem
1624 1189 1674 1229 et
1690 1181 1829 1228 flam-

463 1257 657 1314 mulam,
702 1256 754 1303 id
794 1263 883 1314 est,
929 1257 1088 1304 lucem
1130 1264 1179 1303 et
1221 1263 1440 1311 motum3
1485 1256 1616 1319 quod
1653 1256 1828 1305 deinde

464 1331 881 1379 vehementissime
929 1332 1180 1394 splendeat
1238 1338 1570 1394 erumpatque,
1624 1347 1654 1380 a
1695 1331 1829 1381 nitro

462 1407 627 1454 habet.
696 1406 894 1454 Nitrum
917 1415 1080 1454 autem
1108 1407 1325 1454 nondum
1349 1414 1617 1467 contusum,
1655 1406 1696 1454 si
1717 1407 1827 1455 vivo
1870 1427 1874 1430 ·

465 1482 743 1544 imponatur
766 1482 980 1541 carboni,
1004 1483 1162 1546 primo
1195 1482 1435 1545 liquescit,
1473 1482 1828 1545 carbonemque

464 1573 523 1605 ea
544 1563 696 1620 parte,
719 1573 814 1619 qua
835 1557 1028 1615 insidet,
1063 1573 1197 1604 more
1220 1573 1358 1619 aquae
1381 1557 1640 1620 extinguit,
1708 1557 1828 1604 Mox

464 1632 715 1695 egrediens
746 1648 776 1679 a
809 1633 1028 1679 confiniis
1062 1632 1180 1679 nitri
1217 1640 1267 1679 et
1308 1632 1532 1679 carbonis
1566 1647 1718 1695 vapor
1751 1632 1828 1679 vel

463 1723 547 1755 aer
584 1707 739 1754 veloci
774 1714 912 1754 motu
952 1708 1211 1755 carbonem
1245 1707 1568 1770 undequaque
1601 1715 1652 1755 et
1681 1707 1826 1755 vehe-

462 1789 651 1830 menter
675 1781 840 1828 difflat.
909 1782 1028 1828 Inde
1050 1782 1106 1828 fit
1135 1798 1223 1844 per
1258 1781 1377 1829 duos
1411 1789 1586 1841 motus,
1622 1782 1854 1830 alterum.

462 1856 813 1920 egredientium
837 1872 896 1903 ex
936 1857 1088 1919 ignito
1128 1857 1351 1914 carbone,
1391 1856 1598 1904 alterum
1627 1857 1827 1905 inclusae

463 1932 687 1979 aethereae
711 1932 852 1979 simul
876 1939 925 1978 et
944 1947 1136 1994 aquosae
1160 1931 1442 1979 substantiae
1464 1932 1825 1995 particularum,

463 2007 591 2054 inter
626 2023 676 2054 se
719 2007 1002 2065 contrarios,
1039 2015 1096 2054 ut
1118 2014 1348 2069 sequatur
1381 2014 1542 2054 motus
1566 2014 1616 2054 et
1638 2007 1826 2054 inflam÷

462 2082 611 2129 matio
634 2081 1069 2129 vehementissima.
1139 2081 1341 2139 Deinde,
1365 2088 1625 2144 postquam
1643 2081 1825 2128 nitrum

462 2173 606 2221 agere
627 2157 830 2204 ulterius
868 2164 1039 2214 cessat,
1080 2157 1131 2204 id
1168 2164 1257 2215 est,
1293 2155 1489 2219 >quando
1519 2155 1571 2202 id
1609 2155 1742 2219 quod
1774 2155 1829 2208 in:

461 2233 592 2280 nitro
628 2231 824 2279 volatile
870 2239 944 2279 est
978 2231 1253 2289 evolaverit,
1291 2230 1537 2278 invenitur
1577 2230 1639 2279 ad
1662 2230 1825 2283 „latera

461 2306 733 2356 substantia
756 2306 978 2369 quaedam
996 2307 1120 2364 alba,
1141 2322 1250 2367 quae
1273 2306 1324 2352 in
1363 2305 1527 2367 ignem
1561 2320 1727 2352 rursus
1749 2305 1825 2352 in-⁴

455 2384 590 2446 jecta
606 2397 776 2429 rursus
800 2381 1071 2438 candescet,
1096 2381 1179 2428 sed
1206 2396 1306 2428 non
1326 2380 1547 2443 amplius,
1567 2379 1662 2427 nisi
1676 2387 1821 2428 aucto

460 2459 589 2522 igne,
610 2457 939 2520 dissipabitur.
1010 2457 1060 2504 Si
1085 2472 1201 2519 ergo
1239 2471 1384 2503 causa
1408 2456 1552 2519 hujus
1577 2455 1648 2502 rei
1669 2455 1822 2519 possi·
1884 2459 1886 2461 ’

458 2532 568 2580 bilis
604 2532 887 2595 reperiatur,
929 2547 987 2579 ea
1022 2530 1263 2594 possibilis
1301 2546 1445 2578 causa
1484 2546 1677 2592 quoque
1713 2530 1820 2590 erit,

457 2623 606 2670 quare
643 2623 850 2670 granum
894 2606 1104 2669 pulveris
1146 2605 1451 2653 tormentarii
1495 2604 1681 2652 incensi
1719 2612 1829 2664 tam.⁸

457 2683 770 2730 vehementer
779 2682 1095 2745 expandatur,
1103 2681 1281 2739 luceat,
1298 2688 1348 2728 et
1362 2687 1629 2729 moveatur.
1664 2680 1825 2732 Causa,

453 2765 619 2805 autem
642 2773 698 2804 ea
718 2757 994 2820 hujusmodi
1018 2771 1119 2803 esse
1142 2762 1321 2818 potest.

520 2832 775 2879 Particulae
797 2832 907 2887 illae,
943 2847 1049 2893 quae
1084 2829 1389 2877 constituunt
1422 2829 1620 2888 nitrum,
1645 2845 1821 2892 suppo-⁶¹.
