1936 3262
225 372 341 406 PARS
368 373 419 408 11.

298 416 347 449 13.

189 510 337 542 Rationis
351 520 428 542 con-

190 554 288 585 tinuae
300 553 440 585 definitio

185 602 216 629 et
222 598 441 639 proprietates,

459 248 550 292 146
849 256 1224 292 PH1Losoi³H1A
1249 256 1437 291 PRIMA.

453 366 624 430 primae
659 367 841 415 rationi
877 368 1046 426 altera,
1071 367 1199 415 ratio
1238 367 1408 430 primae
1445 365 1734 429 quantitatis
1769 366 1833 415 ad

455 442 652 490 tertiam
683 443 894 491 semissis
920 451 994 490 est
1017 442 1222 490 rationis
1256 443 1427 506 primae
1450 442 1514 490 ad
1536 441 1798 490 secundam
1819 462 1831 497 ;
1898 442 1914 468 ³¹

457 516 651 580 quando
698 534 866 566 rursus
913 518 1111 566 additur
1156 518 1232 565 his
1278 518 1439 576 tertia,
1487 517 1614 566 ratio
1659 517 1830 581 primae
1902 514 1904 520 ’

459 593 748 657 quantitatis
781 594 844 641 ad
877 602 1102 656 quartam
1137 593 1290 641 triens
1326 601 1401 641 est
1428 593 1633 641 rationis
1664 593 1835 656 primae

458 668 521 716 ad
556 669 837 728 secundam,
864 670 946 716 &c.
1019 668 1117 715 Sed
1150 684 1239 731 pro
1277 668 1491 726 semisse,
1512 667 1708 726 triente,
1734 668 1835 726 &c.,

458 744 605 807 vulgo
631 744 811 792 dicitur
835 745 962 792 ratio
994 744 1349 806 subduplicata,
1376 743 1728 806 subtriplicata,
1754 743 1837 790 &c.

527 819 626 866 Ubi
662 835 778 867 vero
816 819 1098 882 hujusmodi
1133 820 1260 866 fiunt
1292 819 1541 867 rationum
1581 817 1840 882 aequalium
1910 855 1911 858 η

460 894 752 952 additiones,
797 894 1028 941 dicuntur
1074 910 1242 941 earum
1288 894 1590 957 quantitates
1637 909 1742 941 esse
1789 893 1840 940 in
1908 933 1916 945 ,.

459 969 651 1017 ratione
676 969 911 1016 continua
933 969 1010 1016 vel
1035 969 1267 1016 continue
1290 969 1701 1033 proportionales.
1908 1010 1915 1033 s

517 1044 764 1092 Dividitur
778 1051 942 1092 autem
960 1045 1087 1092 ratio
1105 1061 1193 1108 per
1210 1061 1483 1104 numerum,
1505 1044 1699 1108 quando
1714 1043 1843 1092 inter

461 1119 667 1166 rationis
684 1119 984 1181 quantitates
997 1120 1382 1182 interponuntur
1397 1120 1571 1168 mediae
1586 1120 1638 1167 in
1652 1119 1843 1167 ratione

465 1194 714 1252 continua,
734 1209 911 1256 nempe
927 1194 1162 1242 dividitur
1179 1210 1266 1257 per
1285 1201 1331 1253 2,
1354 1194 1548 1257 quando
1567 1209 1667 1242 una
1685 1193 1845 1241 media
1893 1222 1917 1247 4

462 1269 775 1331 interjicitur,
812 1284 900 1332 per
941 1275 987 1327 3,
1036 1270 1232 1332 quando
1275 1269 1639 1332 interjiciuntur
1673 1268 1845 1316 mediae

465 1344 590 1403 duae,
615 1351 666 1392 et
688 1344 757 1392 sic
781 1344 833 1391 in
856 1344 1117 1392 infinitum.
1887 1336 1899 1344 “

537 1421 612 1473 17.
668 1419 719 1466 Si
766 1419 865 1466 sint
912 1420 1213 1482 quantitates
1263 1427 1594 1483 quotcunque,
1641 1434 1843 1483 quarum

464 1509 696 1542 numerus
743 1501 819 1542 est
864 1492 1036 1557 impar,
1082 1494 1361 1557 incipiendo
1409 1503 1574 1543 autem
1615 1511 1644 1543 a
1688 1493 1849 1542 media
1907 1527 1917 1559 3

466 1585 635 1618 omnes
677 1570 738 1617 ab
780 1586 838 1618 ea
876 1570 1108 1632 utrinque
1147 1570 1245 1618 sint
1281 1570 1333 1617 in
1370 1571 1561 1619 ratione
1598 1571 1847 1634 continua,

465 1645 592 1693 ratio
609 1645 830 1704 duarum,
849 1662 958 1708 quae
977 1645 1151 1693 mediae
1159 1645 1620 1709 proximeutrinque
1635 1645 1847 1704 adstant,
1918 1666 1924 1689 ·.

465 1720 669 1768 rationis
695 1720 918 1779 duarum,
952 1720 1047 1768 illis
1090 1736 1259 1768 rursus
1295 1721 1527 1784 utrinque
1564 1719 1847 1778 astantium,

467 1805 542 1844 est
575 1796 932 1859 subduplicata,
977 1803 1027 1843 et
1062 1796 1267 1844 rationis
1303 1797 1509 1844 duarum
1547 1813 1646 1844 uno
1682 1811 1850 1844 rursus

465 1873 575 1920 loco
621 1871 942 1919 remotiorum
998 1872 1351 1935 subtriplicata,
1406 1874 1489 1920 &c.
1561 1872 1670 1920 Sint
1721 1872 1851 1920 enim
1912 1883 1923 1913 ‘³-

467 1947 847 2010 magnitudines,
874 1947 931 2004 C,
958 1946 1014 2005 Β,
1042 1948 1100 2006 Α,
1123 1948 1182 2005 D,
1202 1948 1258 2004 E,
1280 1948 1474 2011 sintque
1498 1956 1599 1995 tam
1624 1948 1683 2007 A,
1709 1948 1765 2007 Β,
1793 1948 1849 2006 C,
1915 1982 1918 1986 -

470 2039 617 2086 quam
640 2023 699 2079 A,
718 2023 779 2081 D,
804 2023 844 2069 E
870 2023 1103 2070 continue
1127 2023 1534 2086 proportionales,
1568 2023 1678 2071 dico
1701 2023 1852 2071 ratio-

468 2115 583 2146 nem
607 2098 651 2145 D
677 2098 740 2145 ad
764 2098 804 2144 B
840 2097 1232 2161 subduplicatam
1267 2114 1372 2146 esse
1400 2100 1604 2147 rationis
1641 2100 1681 2147 E
1709 2099 1772 2147 ad
1796 2098 1850 2146 C.
1916 2092 1918 2098 ’

472 2173 796 2237 Componitur
820 2173 950 2220 enim
982 2173 1109 2220 ratio
1134 2173 1178 2220 D
1202 2174 1266 2221 ad
1290 2174 1329 2220 B
1349 2190 1408 2222 ex
1427 2175 1698 2222 rationibus
1723 2174 1766 2222 D
1790 2173 1854 2222 ad

472 2250 512 2296 A
541 2256 591 2296 et
613 2248 658 2295 A
676 2248 740 2296 ad
764 2249 804 2295 B
827 2248 976 2295 semel
1002 2248 1208 2311 sumptis
1234 2269 1245 2303 ;
1284 2255 1336 2295 at
1359 2249 1486 2297 ratio
1509 2250 1549 2297 E
1573 2249 1636 2297 ad
1655 2249 1695 2296 C
1721 2265 1853 2297 com-

471 2324 674 2388 ponitur
698 2339 757 2371 ex
782 2323 958 2371 iisdem
977 2323 1052 2370 bis
1078 2323 1315 2386 sumptis;
1341 2331 1416 2372 est
1436 2340 1552 2387 ergo
1572 2323 1698 2372 ratio
1723 2324 1766 2372 D
1791 2323 1854 2372 ad
1894 2350 1910 2368 ;

475 2401 515 2447 Β
546 2400 751 2447 rationis
775 2400 815 2446 E
852 2400 915 2447 ad
940 2400 978 2446 C
1007 2399 1361 2462 subduplicata.
1446 2400 1633 2448 Eodem
1654 2415 1865 2464 prorsus*

474 2475 639 2532 modo,
658 2474 700 2522 si
720 2482 820 2522 tres
846 2484 1009 2522 essent
1032 2475 1265 2538 utrinque
1285 2476 1498 2535 termini,
1514 2476 1854 2524 ostenderetur
1903 2462 1929 2516 J

473 2550 600 2598 ratio
641 2550 685 2598 D
723 2550 786 2598 ad
827 2550 867 2597 B
909 2550 1114 2598 rationis
1156 2558 1485 2599 extremorum
1528 2567 1634 2599 esse
1675 2551 1854 2600 subtri—
1906 2556 1918 2563 ”

474 2626 671 2688 plicata,
697 2627 779 2673 &c.

547 2706 621 2749 18.
660 2701 712 2749 si
735 2701 834 2749 sint
858 2708 1173 2764 quotcunque
1199 2702 1431 2749 continue
1453 2701 1851 2766 proportionalia,

477 2776 704 2839 primum,
744 2776 1027 2835 secundum,
1066 2777 1283 2835 tertium,
1322 2778 1421 2836 &c.,
1462 2785 1607 2825 erunt
1637 2777 1720 2825 illa
1755 2778 1852 2824 suis
1904 2783 1906 2785 ’

481 2851 769 2900 differentiis
783 2852 1169 2916 proportionalia
1185 2872 1196 2908 3
1221 2869 1336 2900 nam
1353 2853 1636 2911 secundum,
1654 2852 1854 2901 tertium
