1936 3262
244 381 359 412 PARS
378 381 447 412 111.

329 424 377 456 17.

207 515 332 556 Figura¹
349 515 454 546 defici—

208 559 290 589 entis
313 559 349 590 ad
365 569 452 590 com-

205 601 403 652 plementan

207 655 300 676 suum
315 651 404 677 rano.

484 257 580 301 210
829 270 899 302 DE
927 270 1264 306 RATIONIBUS
1290 272 1548 306 MOTUUM.

486 379 695 441 spatium
720 380 762 427 D
780 380 819 427 Β
836 381 874 427 Ε
892 381 927 426 F
946 381 984 427 C
1009 388 1063 428 ut
1081 387 1110 429 2
1138 381 1200 429 ad
1230 388 1246 429 l
1275 402 1286 436 ;
1323 383 1363 429 si
1387 382 1647 445 triplicata,
1671 390 1727 431 ut
1746 390 1775 432 3
1790 387 1860 435 ad
1910 403 1914 407 ’

498 460 513 500 l
539 474 549 508 ;
587 462 636 501 et
659 455 728 502 sic
749 455 993 518 deinceps.
1911 454 1914 460 ’

552 530 754 577 LEMMA
776 546 811 577 1.
850 530 961 578 Qua
1006 530 1196 578 ratione
1240 532 1476 579 velocitas
1518 531 1689 594 puncti
1732 533 1854 583 moti

486 613 707 668 augetur,
759 605 928 652 eadem
963 605 1154 653 ratione
1195 614 1436 670 augentur
1474 623 1666 669 quoque
1700 609 1856 671 spatia

486 680 546 727 ab
567 696 624 728 eo
644 680 816 727 iisdem
838 680 914 727 vel
938 681 1204 743 aequalibus
1228 682 1527 744 temporibus
1545 697 1790 745 percursa.

553 755 756 801 LEMMA
778 770 836 802 11.
876 754 927 801 Si
959 755 1088 802 inter
1127 755 1245 803 duas
1282 764 1441 804 rectas
1482 756 1857 820 interponantur

486 829 658 877 mediae
682 837 787 876 tum
811 829 1131 877 arithmeticae
1170 838 1275 877 tum
1310 831 1620 894 geometricae
1655 847 1856 881 numero

486 905 705 962 infinitae,
728 905 804 952 hae
828 912 878 952 et
901 905 995 951 illae
1018 905 1355 968 magnitudine
1378 923 1478 954 non
1504 906 1758 955 different„
1885 939 1891 943 .

555 980 612 1026 In
634 979 1084 1042 parallelogrammo
1109 980 1153 1026 A
1170 980 1208 1026 Β
1224 980 1262 1027 C
1277 980 1320 1026 D
1350 980 1451 1043 (fig.
1480 980 1525 1042 1)
1555 981 1858 1044 concipiatur

488 1055 615 1101 latus
649 1055 748 1101 AB
784 1055 970 1102 moveri
1004 1055 1067 1102 ad
1101 1055 1229 1102 latus
1255 1055 1351 1102 CD
1376 1055 1632 1118 parallelas
1668 1064 1719 1104 et
1754 1072 1858 1105 mo-

490 1129 647 1176 vendo
657 1129 936 1176 decrescere
953 1129 1107 1177 donec
1125 1129 1323 1177 tandem
1338 1137 1596 1178 evanescat
1610 1130 1662 1178 in
1675 1138 1857 1193 puncto
1885 1188 1888 1191 ⁴

492 1204 530 1250 C
551 1224 562 1257 ;
621 1211 671 1250 et
730 1220 817 1266 per
859 1204 1007 1251 talem
1051 1212 1240 1251 motum
1298 1205 1542 1268 descripta
1593 1205 1658 1253 sit
1701 1206 1860 1269 figura

402 1327 405 1330 ,
491 1279 530 1324 Α
551 1279 590 1325 Β
604 1280 643 1326 Ε
662 1279 697 1325 F
717 1279 770 1335 C,
807 1279 977 1326 relicto
1014 1280 1370 1343 complemento
1405 1280 1449 1327 D
1466 1280 1504 1327 C
1521 1280 1557 1326 F
1572 1281 1686 1340 ΕΒ,
1722 1282 1859 1344 cujus

489 1354 617 1401 linea
634 1353 672 1400 B
687 1355 726 1400 E
745 1354 781 1400 F
799 1354 837 1400 C
865 1354 1157 1401 describitur
1185 1371 1214 1401 a
1245 1355 1454 1402 termino
1475 1355 1514 1401 Β
1535 1355 1860 1405 decrescentis
1896 1341 1912 1354 ³*

490 1429 533 1475 A
553 1429 607 1476 B.
677 1429 862 1476 Eodem
886 1436 1049 1476 autem
1087 1436 1306 1491 tempore
1341 1429 1526 1476 moveri
1560 1429 1860 1494 intelligatur

488 1505 616 1551 latus
637 1504 680 1551 A
696 1504 734 1551 C
759 1505 821 1551 ad
843 1505 970 1552 latus
996 1505 1036 1551 Β
1055 1505 1115 1562 Ι),
1139 1504 1462 1552 uniformiter.
1521 1504 1688 1552 Potest
1710 1505 1860 1569 igitur

490 1580 657 1626 haberi
682 1579 720 1626 C
739 1580 782 1626 D
806 1596 895 1642 pro
920 1595 1148 1627 mensura
1171 1580 1420 1642 temporis.
1490 1580 1657 1627 Rectae
1679 1588 1858 1639 autem,
1888 1588 1909 1622 ³1

490 1655 581 1717 ipsi
607 1655 644 1701 C
660 1655 703 1702 D
727 1655 985 1718 parallelae,
1006 1655 1280 1702 terminatae
1304 1655 1364 1701 ab
1384 1671 1483 1702 una
1499 1663 1639 1718 parte
1663 1655 1712 1703 in
1732 1656 1862 1704 linea

491 1730 530 1775 B
546 1731 585 1776 E
601 1731 638 1776 F
656 1730 709 1788 C,
746 1731 806 1777 ab
842 1731 996 1777 altera
1017 1738 1156 1793 parte
1180 1730 1231 1776 in
1254 1738 1390 1777 recta
1424 1730 1468 1777 A
1485 1730 1542 1788 C,
1563 1739 1707 1778 erunt
1724 1734 1883 1779 men-²

492 1821 616 1852 surae
647 1806 857 1868 partium
898 1805 1146 1868 temporis,
1189 1805 1239 1851 in
1282 1821 1377 1868 quo
1414 1805 1516 1852 AB
1551 1813 1775 1854 movetur
1796 1806 1861 1855 ad

493 1880 530 1926 C
549 1881 592 1927 D
618 1889 667 1928 et
690 1882 734 1928 A
749 1881 787 1928 C
811 1881 874 1928 ad
898 1881 936 1927 B
956 1881 1015 1927 D.

558 1956 787 2003 Sumatur
806 1957 908 2018 jam
932 1956 982 2002 in
1002 1963 1139 2002 recta
1154 1955 1191 2002 C
1208 1955 1250 2002 D
1269 1955 1524 2002 arbitrarie
1542 1963 1781 2018 punctum
1799 1957 1858 2015 Ο,

491 2031 793 2094 ducaturque
818 2031 860 2078 O
878 2031 910 2078 S
933 2030 1163 2093 parallela
1182 2030 1325 2077 lateri
1350 2031 1389 2077 Β
1404 2031 1463 2089 D,
1489 2047 1659 2079 secans
1681 2031 1860 2080 lineam

490 2106 530 2152 B
546 2107 585 2153 E
606 2107 643 2153 F
658 2106 696 2153 C
719 2107 768 2153 in
784 2107 823 2153 E
839 2114 888 2153 et
907 2114 1092 2153 rectam
1115 2106 1159 2152 A
1174 2106 1214 2152 B
1230 2106 1278 2153 in
1301 2106 1348 2153 S.
1403 2106 1604 2164 Rursus,
1629 2122 1658 2153 a
1674 2114 1859 2168 puncto

493 2182 541 2230 Q
565 2189 758 2244 sumpto
783 2181 834 2228 in
868 2181 906 2228 C
920 2181 964 2228 D
989 2181 1052 2228 ad
1073 2180 1282 2238 libitum,
1308 2181 1515 2228 ducatur
1538 2180 1695 2228 eidem
1716 2181 1860 2228 lateri

491 2257 530 2303 B
547 2257 590 2304 D
613 2257 843 2319 parallela
866 2256 913 2304 Q
931 2257 989 2314 R,
1014 2271 1182 2303 secans
1208 2256 1247 2302 Β
1263 2257 1302 2302 Ε
1317 2256 1354 2302 F
1373 2256 1411 2303 C
1444 2256 1495 2303 in
1530 2256 1566 2302 F
1589 2263 1639 2303 et
1672 2256 1717 2302 A
1732 2256 1772 2303 B
1806 2255 1858 2304 in
1903 2316 1906 2318 q

492 2332 549 2378 R.
619 2333 873 2379 Ducantur
929 2331 1075 2378 etiam
1125 2333 1164 2378 E
1180 2332 1236 2389 G,
1290 2332 1327 2378 F
1345 2332 1393 2378 H
1439 2331 1682 2394 parallelae
1741 2331 1779 2378 C
1796 2331 1857 2388 D,
1889 2345 1906 2373 x

491 2415 711 2454 secantes
746 2407 790 2454 A
810 2407 848 2453 C
881 2407 932 2453 in
956 2407 998 2453 G
1021 2415 1069 2453 et
1094 2407 1157 2453 H.
1227 2407 1477 2454 Postremo
1514 2406 1644 2454 idem
1679 2423 1855 2469 suppo-

489 2490 635 2529 natur
658 2482 841 2529 factum
865 2497 970 2527 esse
994 2497 1080 2543 per
1104 2482 1267 2528 omnia
1283 2490 1468 2544 puncta
1489 2481 1631 2528 lineae
1647 2480 1840 2528 BEFC.

555 2558 677 2605 Dico
703 2559 805 2620 jam
838 2572 942 2604 esse
975 2563 1031 2603 ut
1068 2564 1388 2619 aggregatum
1426 2556 1642 2604 omnium
1677 2555 1855 2603 veloci·
1892 2557 1895 2559 ’

489 2641 662 2691 tatum,
699 2632 872 2695 quibus
908 2631 1250 2679 describuntur
1284 2639 1430 2678 rectae
1466 2631 1579 2690 QF,
1611 2631 1723 2689 OE,
1748 2631 1791 2678 D
1813 2630 1853 2678 B

489 2716 775 2769 caeteraeque
821 2722 986 2754 omnes
1044 2706 1213 2753 eadem
1268 2706 1499 2753 methodo
1552 2706 1746 2769 genitae,
1791 2705 1855 2752 ad

488 2792 807 2846 aggregatum
847 2790 1121 2844 temporum
1163 2781 1528 2844 designatorum
1568 2795 1656 2843 per
1695 2788 1852 2828 rectas

491 2859 538 2905 H
560 2859 611 2916 F,
637 2859 677 2906 G
697 2859 751 2915 E,
778 2858 819 2904 A
837 2858 876 2904 Β
909 2865 958 2904 et
996 2865 1213 2915 caeteraS‚
1245 2857 1315 2904 ita
1353 2856 1551 2919 planum
1587 2856 1630 2903 D
1651 2855 1690 2902 C
1707 2856 1795 2902 FE
1811 2854 1851 2902 B
