1936 3262
474 240 563 283 122
866 253 1239 287 PHILosoPfflA
1264 254 1454 288 PRIMA.

239 362 358 438 PAIJIS
381 363 431 396 11·
467 360 619 409 Juxta
663 362 860 411 tertiam
906 372 1071 412 autem
1122 365 1432 422 sententiam,
1478 363 1602 412 nihil
1647 365 1843 415 omnino
1903 403 1909 411 J

241 430 430 476 »Ἀπ’-κ
468 435 599 482 idem
634 452 740 484 esse
782 439 916 500 quod
950 439 1127 497 fuerat,
1169 439 1240 487 ita
1278 448 1335 487 ut
1371 456 1434 487 ne
1474 448 1608 488 stans
1648 441 1843 503 quidem

207 490 259 522 De
287 492 443 533 principio
463 510 473 519 ι
1009 515 1018 523 .

204 534 380 566 individua.
461 509 592 558 ldem
614 511 760 560 homo
787 522 915 561 esset
938 531 1023 576 qul
1046 514 1256 574 sederat,
1280 531 1372 563 nec
1392 515 1562 562 eadem
1585 530 1713 577 aqua
1734 531 1845 579 quae

204 577 314 609 timis·
462 586 514 633 in
544 603 659 635 vase
693 597 769 636 est
803 596 854 636 et
889 605 999 651 quae
1031 606 1147 637 mox
1192 590 1474 638 effunditur.
1545 590 1841 654 Principium

461 660 629 724 itaque
652 663 1053 713 individuationis
1077 681 1169 713 nec
1196 682 1387 729 semper
1419 683 1449 713 a
1483 665 1690 714 materia
1722 667 1840 725 sola„

461 752 553 784 nec
577 753 768 802 semper
791 756 820 786 a
838 740 997 788 forma
1021 741 1138 800 sola,
1165 742 1508 790 aestimandum
1532 749 1622 789 est.
1884 806 1889 807 ⁷

530 813 628 861 Sed
663 814 1072 863 considerandum
1096 825 1170 864 est
1195 833 1290 879 quo
1314 817 1512 865 nomine
1536 817 1729 864 dicatur
1759 833 1837 867 res

461 903 682 951 quaeque,
740 890 934 953 quando
992 891 1052 938 de
1110 891 1370 939 identitate
1423 893 1527 955 ejus
1569 892 1835 954 quaeritur3
1886 916 1887 919 ¹

459 964 668 1012 multum
701 966 831 1013 enim
862 966 1069 1014 interest
1105 983 1323 1030 quaerere
1348 966 1408 1014 de
1433 967 1652 1026 Socrate,
1686 983 1750 1016 an
1773 968 1836 1017 sit

458 1038 589 1086 idem
634 1041 797 1099 homo,
845 1058 908 1089 an
952 1042 1082 1089 idem
1129 1042 1194 1089 sit
1241 1057 1433 1105 corpus.
1523 1042 1660 1090 Idem
1706 1043 1836 1092 enim
1897 1107 1900 1111 Δ

458 1130 650 1177 corpus,
671 1116 831 1163 infans
856 1124 906 1163 et
925 1133 1088 1175 senex,
1108 1125 1310 1180 propter
1330 1117 1571 1165 diversam
1589 1118 1835 1181 magnitu-
1877 1131 1901 1145 ¹

457 1188 622 1236 dinem
645 1206 750 1238 esse
773 1207 874 1239 non
895 1199 1061 1254 potest
1078 1213 1089 1247 ;
1108 1192 1252 1239 unius
1272 1192 1402 1239 enim
1423 1193 1642 1255 corporis
1662 1193 1832 1243 eadem
1886 1211 1888 1214 ’

455 1279 646 1327 semper
679 1274 754 1313 est
794 1267 1111 1330 magnitud03
1160 1267 1291 1315 idem
1330 1275 1496 1316 tamen
1536 1269 1683 1316 homo
1725 1285 1832 1318 esse
1886 1272 1887 1275 ’

451 1347 632 1402 potest.
704 1341 911 1390 Quoties
934 1342 1102 1406 itaque
1132 1359 1327 1402 nomen,
1354 1344 1443 1391 sub
1468 1360 1564 1407 quo
1594 1345 1831 1408 quaeritur
1885 1380 1898 1410 7

451 1430 515 1462 an
559 1415 743 1479 aliquid
787 1417 915 1464 idem
963 1418 1026 1482 sit
1073 1418 1206 1481 quod
1251 1425 1372 1476 erat,
1423 1418 1708 1482 impositum
1754 1428 1829 1468 est
1889 1409 1899 1414 ς

449 1498 652 1553 propter
692 1492 948 1539 materiam
993 1493 1161 1551 solam,
1209 1493 1249 1541 si
1292 1493 1462 1541 eadem
1503 1493 1566 1541 sit
1607 1495 1828 1553 materia,
1868 1541 1871 1544 ,

448 1565 581 1612 idem
608 1574 682 1613 est
706 1567 1041 1622 individuum;
1076 1576 1134 1615 ut
1156 1584 1299 1631 aqua,
1331 1568 1448 1616 dum
1482 1568 1534 1616 in
1556 1569 1680 1616 mari
1703 1578 1825 1630 erat,

448 1640 618 1688 eadem
635 1649 725 1699 est,
752 1658 860 1704 quae
877 1650 1051 1705 postea
1073 1643 1123 1690 in
1148 1644 1278 1691 nube
1302 1651 1392 1702 est,
1414 1651 1465 1691 et
1479 1644 1610 1691 idem
1633 1660 1826 1708 semper

448 1731 624 1778 corpus
649 1724 740 1773 est,
778 1716 878 1763 sive
917 1725 1241 1779 compactum,
1280 1718 1381 1765 sive
1406 1719 1680 1781 disjectum,
1723 1721 1823 1768 sive
1871 1735 1887 1778 J

445 1791 772 1854 congelatum,
810 1791 910 1838 sive
950 1791 1282 1854 liquefactum.
1366 1793 1513 1842 Quod
1545 1794 1586 1841 si
1620 1803 1825 1858 propter
1886 1799 1890 1833 ’ἲ

442 1866 651 1914 formam
675 1866 838 1925 talem,
871 1883 980 1930 quae
1004 1868 1068 1914 sit
1095 1868 1389 1931 principium
1425 1876 1605 1928 motus,
1641 1886 1821 1920 nomen
1891 1889 1895 1895 ’

442 1941 653 1988 inditum
710 1941 789 2000 sit,
854 1950 1083 1989 manente
1128 1958 1186 1990 eo
1230 1943 1489 2006 principio,
1551 1944 1680 1992 idem
1727 1946 1821 1994 erit

442 2016 776 2071 individuum;
812 2024 869 2065 ut
905 2017 1035 2065 idem
1073 2018 1221 2065 homo
1264 2018 1371 2075 erit,
1416 2020 1554 2082 cujus
1599 2021 1818 2069 actiones
1887 2082 1889 2085 ι

441 2099 492 2139 et
528 2092 852 2155 cogitationes
890 2109 1058 2140 omnes
1088 2093 1149 2140 ab
1172 2109 1271 2140 uno
1307 2101 1358 2140 et
1381 2094 1554 2142 eodem
1575 2095 1816 2159 principio
1887 2107 1899 2141 ·.

444 2167 653 2228 (scilicet
677 2184 734 2216 eo
764 2168 898 2231 quod
926 2168 1021 2215 fuit
1051 2169 1103 2215 in
1127 2169 1465 2232 generatione)
1494 2169 1777 2218 derivantur
1801 2191 1814 2226 ;
1886 2160 1901 2170 κ

439 2250 488 2289 et
511 2242 642 2290 idem
664 2243 861 2301 flumen,
888 2242 1020 2306 quod
1043 2243 1153 2290 fluit
1178 2259 1237 2290 ex
1259 2259 1358 2291 uno
1383 2251 1434 2291 et
1457 2244 1627 2292 eodem
1659 2245 1812 2304 fonte,

439 2318 540 2365 sive
565 2318 736 2366 eadem
759 2334 901 2381 aqua,
926 2319 1027 2366 sive
1063 2319 1173 2377 alia,
1212 2319 1312 2366 sive
1336 2319 1469 2366 aliud
1504 2335 1649 2382 quam
1685 2336 1814 2384 aqua
1880 2348 1891 2355 „

436 2393 552 2441 inde
588 2394 738 2448 fluat3
775 2402 825 2441 et
861 2410 960 2440 una
997 2394 1184 2451 civitas,
1224 2396 1362 2456 cujus
1399 2402 1510 2442 acta
1545 2396 1606 2443 ab
1639 2411 1739 2443 una
1761 2404 1811 2444 et

436 2468 607 2517 eadem
626 2469 935 2516 institutione
961 2469 1194 2516 continuo
1220 2469 1518 2527 derivantur,
1538 2471 1639 2518 sive
1661 2471 1809 2519 iidem

436 2543 534 2591 sint
561 2544 612 2591 in
646 2560 704 2591 ea
738 2544 977 2602 homines,
1016 2544 1117 2591 sive
1153 2544 1250 2591 alii.
1318 2545 1542 2608 Denique
1565 2546 1606 2593 si
1628 2562 1809 2595 nomen

433 2618 644 2666 inditum
690 2619 754 2666 sit
796 2627 999 2682 propter
1044 2619 1271 2666 accidens
1316 2620 1530 2683 aliquod,
1577 2621 1807 2683 quoniam

432 2694 638 2741 materia
665 2694 876 2741 abeunte
901 2702 950 2740 et
973 2693 1252 2753 accedente,
1291 2695 1564 2743 accidentia
1598 2702 1807 2758 pereunt

432 2776 483 2814 et
504 2785 633 2816 nova
654 2777 967 2832 generantur,
999 2784 1107 2832 quae
1130 2785 1230 2816 non
1252 2778 1368 2817 sunt
1392 2770 1561 2818 eadem
1584 2786 1803 2828 numero,

428 2843 662 2891 identitas
699 2844 770 2891 rei
805 2844 1041 2907 pendebit
1076 2860 1107 2890 a
1145 2845 1385 2899 materia;
1420 2852 1477 2892 ut
1513 2845 1667 2903 navis,
1707 2861 1803 2908 qua
