1936 3262
613 281 718 310 vr'rA
739 281 845 310 Tuo·
868 281 1057 310 nonnas.
1406 265 1565 309 lxxxvii

226 391 346 442 Quos
367 391 486 437 tarde
504 391 632 443 disco,
653 391 768 435 disco
783 402 938 443 tamen,
959 391 1208 450 abjicioque3

267 481 568 540 Admittorque
586 497 681 526 meo
700 497 884 540 quaeque
902 482 1084 540 probare
1101 481 1241 526 modo,

224 572 466 617 Admoveor
484 573 681 632 physicae,
702 574 966 631 conflataque
981 582 1133 616 cuncta
1151 572 1350 631 magister

282 663 468 719 Materia
484 674 528 708 et
546 664 693 716 forma,
716 674 763 707 ut
778 664 984 722 partibus,
1001 679 1090 707 esse
1109 664 1258 716 docet3

224 753 283 798 Et
300 756 456 813 species
475 771 632 808 rerum,
655 755 868 799 volitando
887 771 963 814 per
981 771 1091 808 aera,
1113 756 1267 799 formas

279 846 454 890 Donare
472 847 572 890 hinc
591 846 737 898 oculis,
758 847 932 890 auribus
952 846 1052 890 inde
1071 862 1206 892 sonos⁸

224 936 387 981 Multos
405 938 577 982 effectus
597 939 748 982 tribuit
765 955 844 997 syn
862 947 904 984 et
922 942 1192 996 antipathiae,

279 1027 337 1072 Et
348 1044 482 1088 *supra
500 1039 671 1088 captum
692 1029 792 1073 talia
812 1030 947 1073 multa
966 1045 1121 1073 meum.

221 1119 338 1178 Ergo
357 1120 413 1169 ad
431 1136 601 1164 amoena
619 1121 752 1179 magis
771 1136 840 1164 me
860 1131 991 1174 verto,
1012 1122 1229 1181 librosque
1249 1122 1430 1174 revolvo,

276 1211 409 1262 Queis
427 1213 544 1270 prius
564 1213 806 1265 instructus,
829 1229 916 1256 non
936 1215 1046 1257 bene
1065 1215 1213 1258 doctus
1232 1230 1360 1258 eram.

221 1304 536 1365 Pascebamque
553 1307 742 1350 animum
761 1306 915 1350 chartis
934 1307 1197 1351 imitantibus
1215 1308 1375 1358 orbem,

278 1396 464 1441 Telluris
483 1398 645 1450 faciem,
667 1408 711 1441 et
730 1398 1012 1470 sydera-picta
1031 1399 1205 1442 videns:

220 1488 472 1532 Gaudebam
492 1490 568 1533 soli
587 1505 726 1533 comes
746 1490 820 1541 ire,
842 1499 886 1533 et
901 1505 1074 1533 cernere
1094 1490 1255 1533 cunctis

276 1580 503 1624 Tetricolis
516 1582 653 1639 justos
673 1596 758 1639 qua
776 1580 877 1624 facit
894 1590 986 1624 arte
1005 1581 1106 1624 dies.

218 1672 403 1732 Quoque
422 1673 588 1717 Dracus
607 1673 680 1716 filo
701 1673 966 1731 Neptunum,
991 1672 1299 1731 Candisiusque

275 1764 517 1808 Cinxerunt
534 1765 745 1816 medium3
777 1780 959 1823 quaeque
978 1764 1121 1807 adiere
1139 1764 1256 1807 loca:

218 1856 363 1915 Atque
381 1856 603 1900 hominum
621 1857 809 1915 exiguos,
832 1857 867 1899 si
887 1871 1064 1913 possem,
1087 1870 1260 1898 cernere
1280 1854 1414 1907 nidos,

275 1946 335 1990 Et
350 1947 463 2005 picta
481 1947 636 2006 ignotis
655 1956 843 1990 monstra
861 1946 1006 1990 videre
1026 1946 1137 1989 locis.

215 2037 423 2096 Tempore
441 2038 516 2082 sed
528 2039 645 2096 justo
664 2054 762 2081 cum
785 2038 1090 2081 Baccalaureus
1111 2037 1230 2080 Artis

275 2129 423 2173 Essem
447 2132 650 2189 (namque
668 2129 738 2173 hic
757 2139 820 2173 est
838 2130 999 2188 primus
1019 2130 1064 2172 in
1083 2138 1175 2172 arte
1194 2129 1370 2187 gradus)

217 2221 436 2266 oxonium
454 2222 615 2281 linquo,
637 2222 838 2265 servitum
859 2237 926 2264 me
946 2221 1035 2264 fero
1055 2221 1099 2262 in
1119 2220 1302 2277 amplam

273 2313 425 2356 Gentis
447 2313 659 2357 Candisiae
678 2313 1031 2370 conspicuamque
1050 2311 1247 2362 domum3

219 2403 496 2462 Rectorisque
514 2403 624 2447 aulae
645 2403 914 2447 commendat
935 2402 1125 2460 Epistola
1144 2411 1298 2445 nostrae
1321 2416 1331 2442 :

273 2495 484 2553 Accipior,
505 2495 658 2554 placita
676 2495 918 2538 conditione
937 2495 1059 2537 steti:

218 2586 364 2644 Atque
381 2586 636 2630 adolescenti
655 2601 756 2630 mox
774 2585 962 2644 applicor
982 2586 1071 2643 ipse
1090 2584 1357 2628 adolescens:

273 2675 393 2719 Tunc
411 2676 542 2734 patris
561 2676 739 2734 imperio
758 2676 952 2719 subditus
972 2675 1043 2719 ille
1062 2675 1154 2718 fuit.

219 2767 334 2810 Huic
353 2782 433 2825 ego
452 2767 602 2810 servivi
621 2768 686 2811 bis
706 2767 837 2811 denos
852 2768 1045 2826 gnaviter
1065 2782 1224 2819 annos3

275 2858 377 2902 Non
397 2858 608 2903 Dominus
627 2869 807 2912 tantum,
830 2874 977 2902 verum
996 2869 1039 2901 et
1058 2858 1217 2901 amicus
1235 2867 1338 2901 erat.
