1936 3262
661 267 762 295 vim
783 267 889 297 THO.
914 266 1103 295 nonnas.
1536 253 1614 294 xxi

155 385 340 420 mentem
365 376 507 429 subiit,
538 376 653 435 quod
672 377 707 419 si
735 392 801 420 res
820 392 1033 434 corporeae
1063 386 1106 419 et
1125 391 1269 419 earum
1298 386 1437 433 partes
1466 393 1610 420 omnes

153 467 508 525 conquiescerent,
529 477 604 510 aut
624 476 740 510 motu
761 466 887 509 simili
909 481 1073 524 semper
1093 476 1374 518 moverentur,
1397 467 1609 509 sublatum

151 557 205 600 iri
238 573 381 601 rerum
411 559 601 601 omnium
635 558 872 608 discrimen,
915 567 958 600 et
999 559 1093 615 (per
1123 558 1400 616 consequens)
1439 574 1607 601 omnem

151 649 409 702 sensionem3
438 658 482 692 et
500 658 722 706 propterea
744 650 928 693 Causam
948 651 1136 693 omnium
1165 665 1307 692 rerum
1338 653 1609 707 quaerendam

151 756 238 784 esse
265 744 313 784 in
347 743 589 785 diversitate
616 748 820 784 motuum.
881 740 1025 798 Atque
1059 740 1138 782 hoc
1172 740 1378 797 principio
1414 755 1511 782 usus
1547 750 1610 783 est

150 831 300 889 primo.
359 831 528 874 Deinde
547 841 596 874 ut
610 840 882 889 cognosceret
901 831 1121 873 varietates
1141 841 1184 874 et
1203 832 1385 874 rationes
1401 842 1605 883 motuum,

150 922 207 966 ad
234 923 508 981 geometriam
537 923 791 981 cogebatur3
823 935 866 965 et
885 938 911 965 a
939 922 1154 979 principiis
1183 922 1280 973 suis,
1317 922 1487 978 ingenio
1517 938 1605 974 suo,

151 1014 409 1058 theoremata
439 1014 523 1067 illa,
562 1031 659 1074 quae
695 1031 821 1072 supra
855 1015 1189 1066 commemoravi,
1227 1015 1402 1057 feliciter
1433 1015 1607 1058 demon-

148 1106 307 1149 stravit.
373 1106 564 1150 Tantum
599 1108 773 1150 interest
807 1107 917 1149 inter
953 1106 1057 1158 illos,
1090 1106 1163 1164 qui
1186 1106 1356 1163 proprio
1385 1107 1523 1164 genio,
1564 1117 1607 1149 et

148 1196 253 1248 illos,
284 1197 358 1255 qui
377 1196 429 1239 in
465 1198 643 1241 archivis
678 1208 880 1249 veterum,
914 1207 987 1240 aut
1018 1197 1074 1240 ad
1107 1206 1316 1255 quaestum
1349 1196 1604 1249 docentium,

147 1289 416 1332 scientiarum
436 1291 653 1333 veritatem
675 1300 886 1348 quaerunt.

207 1380 260 1422 In
273 1380 491 1439 colloquiis
506 1381 780 1424 familiaribus
786 1381 1003 1438 jucundus
1016 1391 1119 1432 erat,
1129 1391 1413 1439 praeterquam
1421 1381 1602 1433 illorum,

148 1471 222 1530 qui
250 1470 306 1514 ad
330 1470 448 1514 illum
469 1481 677 1514 venerunt
706 1471 948 1529 disputandi
968 1488 1093 1515 causa
1112 1481 1258 1515 contra
1289 1487 1350 1522 ea,
1387 1487 1483 1529 quae
1513 1472 1604 1528 jam

147 1563 336 1606 ediderat
360 1565 456 1619 (nec
476 1561 662 1606 revocari
680 1564 893 1620 poterant)
928 1567 996 1607 De
1014 1567 1125 1607 Jure
1145 1578 1402 1605 summarum
1423 1572 1604 1619 potesta-

147 1663 236 1697 tum
275 1652 386 1696 civili
424 1663 499 1696 aut
543 1653 829 1697 ecclesiastico.
910 1654 1022 1697 Nam
1061 1646 1173 1697 cum'
1206 1655 1270 1697 his
1314 1654 1604 1697 vehementius

144 1745 372 1804 aliquando
391 1745 644 1802 disputabat,
666 1762 792 1804 quam
813 1756 904 1790 erat
924 1747 1215 1789 necessarium.

203 1836 464 1879 Naturaliter
501 1847 670 1894 apertus
707 1847 809 1888 erat,
844 1847 886 1880 et
919 1838 1029 1880 inter
1061 1838 1318 1880 adversarios
1352 1838 1444 1895 (qui
1480 1838 1602 1880 multi

144 1937 420 1986 potentesque
439 1928 577 1983 erant)
604 1929 844 1971 innocentia
859 1929 1006 1987 magis,
1022 1944 1150 1987 quam
1170 1929 1341 1972 consilio
1358 1938 1487 1972 tutus.

198 2020 384 2063 Justitiae
419 2029 511 2063 erat
540 2035 638 2063 cum
675 2020 983 2072 scientissimus,
1020 2029 1110 2062 tum
1151 2020 1448 2062 tenacissimus.
1510 2018 1600 2061 Nec

142 2111 312 2163 mirum,
339 2127 435 2155 cum
455 2122 563 2155 esset
581 2112 772 2170 pecuniae
792 2111 1186 2170 negligentissimus,
1218 2120 1260 2153 et
1289 2126 1365 2168 pro
1396 2111 1600 2153 tenuitate

143 2203 410 2246 fortunarum
429 2218 613 2255 suarum,
650 2203 762 2246 ultra
792 2203 966 2246 modum
995 2202 1235 2253 beneficus3
1276 2202 1362 2253 sed,
1393 2202 1598 2245 beneficio

142 2303 418 2352 patronorum
457 2310 627 2338 suorum
668 2305 711 2338 et
748 2296 859 2354 regis
897 2296 1045 2353 optimi
1093 2294 1405 2352 dulcissimique
1456 2294 1597 2337 Caroli

147 2385 344 2439 Secundi,
363 2386 463 2430 satis
482 2387 646 2444 copiose
660 2401 789 2430 senex
808 2387 925 2430 vixit.
