1910 3256
495 240 587 283 302
814 253 884 287 DE
915 253 1253 287 RATIONIBUS
1281 252 1538 287 Mo'rUUM.

261 358 387 434 ΡΑΡΞξ
394 359 461 392 1¹1·
563 361 804 411 Quoniam
828 365 955 412 enim
979 372 1051 412 est
1072 371 1129 411 ut
1163 364 1351 426 pondus
1385 364 1430 412 A
1445 364 1485 410 B
1499 363 1567 410 D
1580 362 1643 410 ad
1675 365 1862 427 pondus

268 447 455 472 “-Ὑ--’
497 435 536 482 Β
554 436 592 482 C
607 436 652 483 D
674 437 729 496 Β,
767 439 837 485 ita
875 439 1121 501 reciproce
1162 447 1296 486 recta
1330 439 1377 486 N
1393 439 1435 486 O
1460 437 1522 485 ad
1556 445 1738 486 rectam
1759 440 1782 487 I
1797 441 1860 500 N,

495 518 545 558 et
578 519 651 559 est
687 512 735 560 N
772 521 992 561 centrum
1031 514 1200 572 totius,
1243 514 1338 561 etI
1374 521 1595 560 centrum
1634 513 1862 578 trianguli

491 586 536 633 A
551 587 591 634 Β
611 587 670 646 D,
718 589 810 636 erit
856 590 899 636 Ο
946 596 1166 636 centrum
1209 589 1406 651 reliquae
1446 587 1615 651 partiS,
1670 604 1859 652 nempe,

489 661 658 724 figurae
683 663 723 709 Β
738 663 781 710 D
802 663 839 710 C
856 664 911 722 Β,
938 663 1070 725 quod
1093 671 1198 711 erat
1218 663 1577 711 inveniendum.

555 737 732 784 Coroll.
769 738 1003 785 Centrum
1043 739 1299 801 aequilibrii
1332 740 1502 802 figurae
1543 738 1642 786 BD
1658 738 1753 787 CB
1785 747 1865 789 est.

489 811 541 858 in
565 828 804 860 concursu
843 813 1048 861 duarum
1084 822 1345 872 rectarum,
1383 830 1589 877 quarum
1611 813 1764 862 altera
1785 824 1860 863 est

486 887 592 934 basi
613 888 858 951 parallela,
894 889 1114 937 dividens
1144 904 1285 936 axem
1319 889 1391 936 ita
1411 897 1467 936 ut
1492 905 1604 952 pars
1636 888 1700 936 ad
1720 889 1858 938 basin

486 962 548 1009 sit
569 964 717 1010 totius
754 965 855 1011 axis
877 961 907 1015 ἑὲ
929 965 1027 1011 sive
1050 961 1123 1023 ῑο-ς,
1147 964 1298 1011 altera
1334 971 1405 1011 est
1427 965 1505 1011 axi
1526 964 1768 1027 parallela,
1790 965 1858 1013 ita

486 1038 705 1085 dividens
740 1039 878 1086 basin
899 1046 956 1087 ut
992 1055 1104 1102 pars
1128 1039 1191 1086 ad
1226 1055 1366 1086 axem
1401 1039 1463 1086 sit
1483 1039 1631 1087 totius
1654 1040 1856 1088 semissis

486 1112 584 1159 sive
606 1116 677 1164 ὲ-Ξ.
747 1113 874 1161 Nam
898 1114 1043 1162 ducta
1066 1115 1108 1162 O
1124 1115 1160 1162 P
1181 1114 1409 1177 parallela
1440 1115 1559 1173 basi,
1583 1115 1674 1163 erit
1693 1122 1750 1162 ut
1772 1115 1855 1163 IN

485 1187 549 1234 ad
572 1187 676 1235 ΝΟ
713 1188 782 1235 ita
818 1189 914 1236 FK
954 1189 1017 1236 ad
1053 1190 1165 1247 KP,
1202 1189 1254 1236 id
1292 1196 1378 1247 est,
1414 1189 1530 1237 ital
1565 1189 1681 1237 ad3
1704 1190 1802 1237 sive
1826 1196 1853 1238 5

484 1262 548 1309 ad
577 1268 649 1310 15.
720 1263 816 1310 Sed
837 1265 933 1311 AF
955 1272 1028 1312 est
1047 1265 1196 1312 totius
1218 1265 1310 1312 AB
1332 1268 1403 1323 ᾗ,
1428 1265 1526 1313 sive
1541 1266 1585 1323 ὲ,
1609 1272 1658 1312 θῖ
1679 1265 1783 1312 ΑΚ
1799 1267 1856 1317 ᾖ»

484 1337 584 1384 sive
620 1341 663 1402 {3
701 1347 751 1386 et
787 1339 883 1386 FK
908 1344 979 1398 ᾗ,
1018 1347 1066 1387 θῖ
1103 1341 1203 1388 ΚΡ
1225 1344 1297 1398 ἐξ,
1336 1347 1385 1387 θῖ
1419 1340 1622 1403 proinde
1658 1341 1754 1388 ΑΡ
1782 1345 1852 1392 ᾖν.
1874 1368 1884 1374 ν»

484 1412 671 1459 Deinde
710 1414 755 1461 A
774 1415 821 1460 H
860 1422 933 1462 θεῖ
966 1415 1115 1462 totius
1150 1415 1277 1462 basis
1298 1419 1328 1466 ἐν
1350 1415 1448 1462 sive
1469 1420 1540 1473 ᾖ,
1569 1415 1614 1462 Α
1628 1415 1682 1462 Μ
1705 1419 1734 1466 *ἓ
1755 1416 1852 1464 sive

485 1492 573 1542 θη
610 1487 757 1536 ducta
779 1505 894 1551 ergo
919 1490 961 1537 Ο
979 1490 1026 1538 Q
1060 1490 1139 1537 axi
1177 1490 1419 1553 parallela,
1457 1491 1548 1538 erit
1583 1490 1637 1537 M
1654 1490 1715 1549 Q,
1745 1507 1852 1554 quae

482 1563 628 1626 tripla
650 1571 722 1611 est
746 1564 873 1623 ΗΜ,
897 1565 1202 1618 ³1.Quare
1224 1565 1325 1614 ΑΘ,
1347 1572 1419 1612 θεῖ
1445 1568 1503 1617 ἐξ
1525 1565 1625 1613 sive
1647 1565 1850 1618 semissis

482 1638 609 1685 basis
632 1639 676 1685 A
691 1639 750 1686 D.
1874 1639 1883 1643 ”

548 1713 783 1760 Excessus
814 1720 1099 1761 caeterorum
1134 1715 1435 1763 trilineorum
1471 1715 1654 1763 ordinis
1691 1717 1857 1779 primi,

481 1787 670 1835 tabellae
706 1795 795 1835 art.
822 1795 867 1846 3,
892 1804 995 1851 cap.
1021 1804 1161 1836 xvn.
1193 1790 1374 1838 habent
1410 1798 1577 1838 centra
1598 1791 1850 1853 aequilibrii

480 1861 532 1908 in
577 1862 762 1910 duabus
814 1864 973 1922 rectis,
1020 1880 1127 1926 quae
1172 1865 1394 1913 dividunt
1437 1882 1576 1913 axem
1620 1874 1671 1914 et
1713 1867 1848 1916 basin

480 1937 744 1985 secundum
777 1938 1053 1998 fractiones,
1091 1956 1198 2002 quae
1228 1940 1519 1988 fractionum
1547 1942 1599 1988 in
1620 1942 1849 2004 parabola

480 2016 536 2064 ᾖ-
575 2019 624 2060 θῖ
657 2016 715 2065 ³2²}
752 2014 1142 2062 numeratoribus
1187 2015 1375 2063 addunt
1418 2022 1466 2075 4,
1516 2016 1846 2066 denominato-

477 2087 611 2135 ribus
634 2096 797 2135 autem
819 2095 866 2148 6,
889 2090 983 2137 hoc
1007 2089 1153 2137 modo
1175 2109 1186 2137 ε

629 2169 675 2207 In
693 2171 885 2220 parabola,
1283 2173 1380 2210 Axis
1395 2172 1425 2213 13
1442 2173 1542 2210 basis
1557 2172 1598 2215 ἐξ.

630 2230 675 2268 In
694 2231 842 2269 trilineo
859 2232 994 2281 primo,
1284 2234 1380 2271 Axis
1396 2233 1425 2275 R
1444 2234 1543 2272 basis
1559 2232 1601 2275 ἐξ.

628 2291 674 2328 In
693 2293 842 2330 trilineo
860 2294 1038 2340 seeundo,
1285 2295 1382 2332 Axis
1397 2295 1427 2338 ἐξ
1445 2296 1543 2333 basis
1559 2294 1604 2339 ἐξ,
1623 2295 1691 2333 &c-

538 2372 722 2420 Eadem
757 2374 986 2422 methodo
1028 2381 1311 2422 caeterarum
1350 2377 1615 2439 figurarum
1660 2376 1840 2424 ordinis
1909 2385 1910 2439 j

473 2448 686 2506 secundi,
731 2449 879 2506 tertii,
918 2451 999 2496 &c.
1052 2457 1219 2497 centra
1263 2451 1518 2513 aequilibrii
1561 2466 1840 2499 excessuum
1908 2485 1910 2522 4

471 2539 617 2585 supra
644 2523 887 2586 triangula
916 2540 1003 2571 sua
1039 2525 1253 2587 quilibet,
1278 2526 1318 2572 si
1355 2525 1481 2573 tanti
1511 2525 1588 2584 sit,
1625 2525 1838 2574 invenire
1908 2532 1910 2615 j

505 2605 644 2645 otest.

215 2674 261 2706 ΟΕ
263 2678 313 2705 Μ
316 2684 369 2704 ⁰¹¹¹
469 2615 502 2661 P
543 2679 615 2720 14.
653 2673 886 2720 Centrum
920 2674 1176 2736 aequilibrii
1208 2675 1407 2722 sectoris
1436 2676 1649 2738 sphaerae,
1677 2675 1727 2723 id
1749 2682 1834 2733 θεῖ,
1908 2616 1910 2656 ⁴

212 2728 290 2834 {iis
287 2717 441 2791 lbld
425 2749 637 2811 stfigurae
677 2748 960 2810 compositae
997 2765 1056 2796 ex
1097 2765 1220 2796 cono
1256 2757 1389 2797 recto
1418 2752 1553 2813 cujus
1574 2757 1741 2798 vertex
1763 2756 1834 2797 est

213 2810 420 2887 ml}
370 2803 445 2834 ²²⁶¹
435 2825 670 2887 asphaerae
715 2831 952 2883 centrum,
998 2832 1047 2872 et
1092 2840 1152 2872 ex
1194 2824 1420 2908 portione
1465 2825 1664 2890 sphaerae
1708 2839 1835 2872 com-
