1936 3262
189 359 305 390 PARS
331 359 400 392 ΙΙΙ.

275 404 324 435 15.

230 495 304 525 Alia
318 495 366 535 ip-

231 538 274 569 sis
289 539 405 570 addita.

455 230 545 282 178
781 244 851 276 DE
880 244 1219 278 RATIONIBUS
1247 245 1505 279 MOTUUM.

450 360 738 408 sumendum
784 370 859 409 est
903 378 993 425 pro
1040 369 1260 424 tempore
1307 363 1532 422 indiviso,
1586 379 1686 412 non
1737 379 1827 429 pro
1888 352 1915 410 'J

449 435 747 484 indivisibili.

516 510 750 558 Similiter
793 519 997 558 conatus
1037 510 1108 558 ita
1148 511 1495 575 intelligendus
1542 520 1631 571 est,
1671 521 1730 562 ut
1765 514 1830 563 sit
1899 512 1923 569 ’,

449 586 645 649 quidem
660 594 839 644 motus,
862 585 948 633 sed
970 585 1041 632 ita
1063 592 1119 632 ut
1137 602 1296 648 neque
1312 587 1546 650 temporis
1569 588 1620 635 in
1637 603 1732 650 quo
1755 590 1828 648 fit,

447 677 607 723 neque
635 661 777 709 lineae
799 677 888 724 per
912 677 1058 723 quam
1081 662 1139 708 fit
1163 662 1426 724 quantitas,
1450 663 1600 710 ullam
1634 679 1830 727 compar-
1901 684 1903 686 ·

447 735 689 783 rationem
708 737 888 784 habeat
912 736 963 783 in
988 736 1407 785 demonstratione
1423 754 1534 786 cum
1554 738 1831 801 quantitate

449 811 685 873 temporis
705 811 782 858 vel
805 811 947 858 lineae
971 811 1109 873 cujus
1134 811 1240 874 ipsa
1263 820 1338 860 est
1355 829 1497 875 pars;
1535 829 1830 878 quamquam

449 886 575 933 sicut
594 894 834 949 punctum
854 902 963 933 cum
983 894 1186 949 puncto,
1206 887 1277 934 ita
1297 897 1500 936 conatus
1521 905 1632 936 cum
1649 897 1831 938 conatu
1891 937 1894 939 ,

449 962 722 1024 comparari
753 969 935 1024 potest,
970 970 1019 1009 et
1050 978 1176 1009 unus
1210 962 1363 1010 altero
1392 964 1549 1026 major
1571 964 1650 1012 vel
1670 963 1831 1012 minor

446 1037 666 1099 reperiri.
736 1037 865 1084 Nam
889 1037 930 1084 si
954 1036 1163 1084 duorum
1197 1038 1488 1100 angulorum
1516 1046 1702 1102 puncta
1721 1054 1831 1088 ver-

447 1112 614 1159 ticalia
637 1119 983 1174 comparentur
1006 1112 1136 1159 inter
1155 1128 1221 1170 se,
1248 1120 1393 1160 erunt
1417 1113 1468 1161 in
1490 1114 1680 1162 ratione
1703 1114 1831 1178 ipso-

447 1203 557 1233 rum
589 1187 880 1249 angulorum
907 1186 1114 1249 aequalia
1127 1187 1204 1234 vel
1227 1187 1515 1250 inaequalia3
1540 1188 1617 1236 vel
1640 1188 1682 1236 si
1702 1189 1833 1238 linea
1887 1187 1888 1190 ’

447 1269 585 1309 recta
608 1270 741 1309 secet
764 1262 929 1324 plures
955 1262 1249 1309 circulorum
1282 1263 1707 1311 concentricorum
1737 1264 1830 1312 cir·

448 1337 809 1395 cumferentias,
833 1344 1018 1400 puncta
1041 1337 1313 1384 sectionum
1337 1345 1482 1385 erunt
1503 1338 1763 1402 inaequalia
1779 1339 1832 1387 in
1901 1351 1910 1378 ³-

448 1413 640 1460 ratione
675 1412 891 1475 ipsarum
924 1411 1315 1474 perimetrorum.
1384 1413 1571 1460 Eodem
1606 1414 1753 1462 modo
1790 1415 1832 1463 si

450 1489 549 1535 sint
591 1487 687 1534 duo
728 1494 891 1534 motus
934 1487 1078 1534 simul
1114 1487 1403 1550 incipientes
1440 1495 1491 1535 et
1527 1487 1670 1536 simul
1706 1489 1832 1537 desi·
1902 1479 1903 1540 J

448 1570 639 1620 nentes,
659 1570 863 1609 conatus
889 1578 1056 1609 eorum
1081 1570 1224 1610 erunt
1248 1563 1458 1625 aequales
1471 1563 1550 1610 vel
1568 1563 1832 1627 inaequales
1891 1593 1911 1618 z

448 1639 499 1685 in
538 1638 729 1685 ratione
766 1638 1112 1693 velocitatum3
1162 1638 1572 1701 quemadmodum
1611 1639 1832 1687 videmus

448 1714 632 1776 majore
658 1720 840 1761 conatu
864 1713 1161 1760 descendere
1191 1714 1340 1776 pilam
1367 1714 1660 1777 plumbeam,
1687 1730 1833 1778 quam
1876 1736 1881 1751 ·-

448 1789 655 1836 laneam.

516 1864 758 1921 Secundo,
785 1863 1073 1911 definiemus
1109 1865 1339 1928 impetum
1363 1880 1472 1911 esse
1505 1864 1667 1928 ipsam
1702 1863 1831 1911 velo-

449 1938 665 1996 citatem,
712 1938 806 1986 sed
860 1939 1228 1986 consideratam
1279 1940 1330 1987 in
1377 1945 1568 2003 puncto
1613 1938 1834 2003 quolibet

449 2014 687 2077 temporis
720 2014 770 2060 in
807 2030 902 2077 quo
924 2014 997 2076 fit
1026 2014 1286 2061 transitus.
1357 2014 1494 2061 Adeo
1529 2021 1586 2060 ut
1621 2014 1833 2077 impetus

448 2089 571 2136 nihil
594 2089 727 2136 aliud
751 2089 815 2136 sit
839 2105 984 2151 quam
1010 2090 1260 2152 quantitas
1286 2090 1386 2137 sive
1410 2089 1646 2137 velocitas
1680 2089 1832 2152 ipsius

451 2172 671 2211 conatus.

514 2239 698 2298 Tertio,
716 2239 1002 2287 definiemus
1022 2240 1360 2287 resistentiam
1383 2256 1508 2296 esse,
1529 2240 1578 2287 in
1602 2247 1838 2288 contactu*

452 2314 656 2361 duorum
671 2314 934 2372 mobilium,
969 2321 1196 2361 conatum
1215 2315 1429 2373 conatui,
1450 2314 1530 2361 vel
1550 2315 1738 2362 omnino
1756 2315 1836 2363 vel
1896 2347 1913 2371 4

451 2405 512 2435 ex
537 2388 711 2452 aliqua
734 2395 910 2452 parte,
942 2389 1263 2436 contrarium.
1338 2389 1654 2436 Contrarium
1675 2389 1828 2452 (dico)

452 2463 646 2525 quando
682 2463 778 2510 duo
825 2463 908 2510 illa
952 2464 1152 2510 mobilia
1206 2472 1449 2512 conantur
1492 2480 1582 2528 per
1627 2465 1830 2513 eandem
1902 2516 1906 2517 ⁷

449 2546 637 2586 rectam
669 2554 699 2585 a
731 2538 952 2585 terminis
986 2539 1089 2601 ejus
1126 2539 1343 2586 diversis.
1419 2539 1735 2587 Contrarium
1768 2557 1832 2588 ew
1901 2555 1915 2560 ··

440 2621 616 2677 parte,
642 2613 836 2676 quando
868 2621 1110 2660 conantur
1143 2614 1286 2661 ambo
1320 2630 1408 2677 per
1441 2615 1594 2662 lineas
1625 2630 1831 2662 concur-

450 2697 614 2736 rentes
636 2696 775 2735 extra
792 2696 977 2735 rectam
996 2705 1025 2735 a
1043 2689 1179 2751 cujus
1199 2689 1420 2736 terminis
1437 2689 1828 2752 proficiscuntur.

519 2764 725 2822 Quarto,
744 2771 801 2810 ut
819 2763 1105 2810 definiamus
1125 2764 1243 2826 quid
1257 2763 1320 2811 sit
1334 2780 1569 2828 premere
1584 2782 1602 2818 ;
1627 2764 1830 2811 duorum

451 2839 696 2886 mobilium
711 2839 922 2887 alterum
930 2839 1141 2886 alterum
1147 2855 1380 2903 premere
1395 2839 1619 2898 dicimus,
1633 2838 1829 2902 quando
