1910 3256
0 1926 29 2102 ..m
2 1753 25 1977 ·'r=v-»÷=.n··-w-s=
0 1856 5 1867 ··
2 1812 3 1815 ⁴
0 1649 28 1751 agna-2„

4 2902 36 3059 *aum-405*

628 256 697 288 DE
726 254 1054 288 GRAvl‘rATE.
1438 243 1534 285 429

148 368 272 416 tium
312 367 486 431 lapidis
528 368 850 431 reciprocum,
896 368 947 414 in
983 366 1113 414 linea
1147 367 1234 413 fiat
1271 365 1351 413 axi
1391 372 1536 412 terrae

147 443 395 507 parallela,
420 443 646 506 idemque
670 442 916 506 ingenitus
953 442 1012 489 iis
1049 442 1113 489 sit
1146 457 1303 503 usque
1340 457 1370 488 a
1392 456 1538 504 gene-

150 519 342 567 ratione
365 519 517 583 ipsius
541 519 732 582 lapidis.
804 519 976 582 Itaque
1009 534 1121 565 cum
1143 516 1266 580 lapis
1290 517 1337 563 in
1369 516 1539 574 sodina

150 595 382 653 existens,
407 602 458 642 et
481 611 511 643 a
533 602 672 642 motu
695 594 872 642 diurno
895 610 995 641 una
1018 610 1129 641 cum
1164 599 1300 640 terra
1331 592 1540 639 circum-

149 672 296 730 latus,
327 670 524 719 lationis
553 670 822 718 secundum
844 670 1024 717 lineam
1051 669 1194 716 lineae
1220 676 1383 716 motus
1417 667 1540 715 reci-

150 747 290 811 proci
350 746 804 810 perpendicularem
849 746 998 809 longo
1050 753 1271 808 tempore
1317 743 1542 791 habitum

152 822 452 886 acquisierit,
469 822 562 870 etsi
585 822 690 870 axis
706 823 810 885 ejus
835 838 864 869 a
877 813 1205 885 parallelismo
1224 828 1369 868 terrae
1386 819 1542 867 dimo—

152 905 340 956 veatur,
363 898 599 946 retinebit
622 906 788 946 tamen
822 905 1056 945 conatum
1086 896 1325 945 redeundi
1347 896 1400 943 in
1423 911 1543 943 eun-

153 974 265 1022 dem
284 974 447 1022 situm.
517 974 605 1021 Est
624 981 790 1021 autem
815 980 1019 1021 conatus
1046 981 1210 1021 motus
1229 971 1541 1036 principium,

154 1066 253 1114 quo
277 1049 409 1108 dato,
436 1049 669 1113 nulloque
700 1049 1036 1097 intercedente
1064 1048 1442 1112 impedimento,
1466 1063 1544 1117 re7

155 1126 280 1175 dibit
301 1142 506 1190 magnes
543 1126 607 1174 ad
630 1126 779 1173 situm
810 1126 1038 1189 priorem.
1111 1125 1380 1174 Quodlibet
1415 1123 1547 1172 enim

153 1202 356 1260 sermm,
388 1202 429 1250 si
458 1202 608 1265 longo
639 1209 860 1265 tempore
891 1201 943 1248 in
972 1201 1119 1265 plano
1151 1200 1410 1250 meridiani
1447 1201 1547 1248 col-

154 1278 373 1327 locatum
410 1277 724 1341 requieverit,
764 1277 914 1325 etiam
954 1276 1069 1324 inde
1105 1277 1358 1335 dimotum,
1399 1276 1547 1324 modo

155 1354 310 1402 libere
346 1352 535 1402 moveri
575 1353 748 1416 possit,
789 1353 854 1401 ad
888 1353 1214 1400 meridianum
1258 1359 1548 1411 revertetur,

156 1430 406 1488 nimimm,
431 1445 461 1477 a
484 1436 684 1495 conatu,
709 1445 855 1492 quem
872 1445 902 1477 a
924 1437 1066 1477 motu
1087 1438 1233 1477 terrae
1253 1421 1550 1493 acquisierat

157 1507 210 1555 in
246 1505 442 1554 circulis
470 1505 731 1569 parallelis,
769 1505 852 1568 qui
886 1512 1000 1553 sunt
1034 1505 1316 1553 meridianis
1340 1521 1550 1568 perpen—

160 1582 416 1630 diculares.

228 1657 378 1707 Quod
406 1658 447 1706 si
478 1657 609 1705 ferro
640 1673 842 1720 magnes
875 1657 1141 1716 affricetur,
1179 1657 1330 1705 ductu
1364 1656 1552 1704 scilicet

161 1741 298 1782 recto
339 1734 400 1781 ab
436 1749 537 1781 uno
572 1733 686 1796 polo
724 1732 788 1780 ad
828 1733 1052 1791 altemm,
1095 1733 1386 1796 contingent
1423 1732 1550 1787 duo;

161 1810 388 1868 alterum,
414 1807 548 1871 quod
570 1808 756 1855 sermm
778 1807 1012 1856 virtutem
1031 1809 1251 1872 acquiret
1267 1808 1551 1863 directionis

161 1885 369 1934 eandem
392 1900 504 1932 cum
536 1891 782 1948 magnete,
816 1883 869 1931 id
903 1891 992 1943 est,
1027 1892 1082 1932 ut
1117 1885 1338 1948 quiescat
1363 1885 1416 1932 in
1450 1900 1552 1932 me-

162 1961 369 2018 ridiano,
411 1977 652 2024 axemque
698 1968 749 2008 et
785 1960 923 2024 polos
958 1960 1141 2008 habeat
1186 1961 1383 2009 eosdem
1429 1976 1552 2024 quos

161 2037 318 2102 lapis;
353 2036 578 2095 altemm,
610 2043 668 2083 ut
703 2036 806 2100 poli
839 2036 1016 2100 lapidis
1053 2043 1101 2084 et
1136 2037 1254 2084 ferri
1292 2053 1344 2084 se
1379 2044 1552 2084 mutuo

164 2113 345 2162 similes
369 2112 586 2176 abigant,
616 2111 873 2160 dissimiles
904 2120 1156 2176 appetant.
1227 2113 1387 2161 Causa
1408 2112 1555 2176 primi

165 2205 268 2238 esse
290 2196 471 2253 potest,
497 2187 630 2252 quod
651 2204 740 2252 per
763 2188 1024 2247 affl-ictum,
1055 2189 1208 2237 ductu
1241 2189 1427 2236 factum
1453 2205 1553 2236 non

164 2266 433 2329 reciproco,
465 2264 553 2312 sed
574 2264 655 2312 via
684 2280 876 2328 semper
899 2265 1070 2312 eadem
1093 2282 1123 2312 a
1144 2265 1258 2328 polo
1283 2265 1347 2312 ad
1368 2265 1552 2328 polum,

165 2341 314 2389 etiam
335 2341 467 2389 ferro
491 2341 789 2404 imprimitur
825 2349 1032 2389 conatus
1064 2342 1126 2388 ab
1159 2341 1331 2389 eodem
1354 2341 1468 2404 polo
1492 2340 1556 2388 ad

166 2417 393 2466 eundem.
461 2417 585 2465 Cum
620 2417 751 2465 enim
786 2433 989 2480 magnes
1014 2433 1043 2464 a
1065 2416 1196 2464 ferro
1221 2433 1322 2464 non
1347 2417 1555 2475 differat,

166 2493 262 2560 nisi
281 2501 339 2542 ut
357 2493 543 2542 sermm
567 2492 774 2541 crudum
797 2509 827 2540 a
857 2500 1017 2551 cocto,
1053 2492 1239 2540 sermm
1274 2500 1471 2540 coctum
1494 2492 1558 2540 ad

167 2576 372 2627 motum,
414 2569 499 2633 qui
538 2569 590 2616 in
635 2568 797 2631 lapide
845 2575 934 2625 est,
977 2568 1327 2631 recipiendum,
1373 2568 1559 2616 nullam

166 2646 317 2694 habet
338 2643 730 2708 repugnantiam.
803 2644 876 2691 Ex
914 2659 1011 2705 quo
1037 2643 1270 2707 sequitur,
1303 2652 1360 2691 ut
1382 2644 1433 2692 in
1456 2660 1559 2692 mo-

168 2729 276 2769 tum
300 2727 445 2768 terrae
468 2735 608 2783 aeque
633 2719 1007 2776 consentientes,
1040 2718 1104 2766 ad
1127 2719 1275 2766 situm
1299 2720 1389 2767 sub
1413 2720 1558 2767 meri-

170 2797 386 2854 dianum,
412 2795 453 2843 si
475 2794 591 2842 inde
610 2795 948 2853 deturbentur,
968 2810 1107 2857 aeque
1124 2794 1342 2850 redeant.
1402 2795 1559 2844 Causa

170 2871 373 2919 secundi
413 2886 518 2919 esse
559 2867 737 2933 potest,
781 2869 913 2933 quod
950 2869 1000 2916 in
1041 2869 1236 2917 affrictu
1275 2870 1450 2933 lapidis
1496 2871 1559 2919 ad

1586 367 1702 400 PARS
1728 366 1786 399 IV.

1660 412 1712 443 30.

1607 458 1771 480 ἱ--Ὓ--ῤ
1827 464 1835 482 x

1577 507 1626 537 De
1642 515 1738 536 causa

1578 549 1704 580 virtutis
1778 575 1782 579 .

1577 591 1777 633 magneticae.
