1936 3262
1084 232 1149 270 viii

601 362 826 411 Quibusque
845 360 1005 398 stimulis
1023 365 1183 410 urgeant
1201 361 1268 397 irae
1287 371 1441 409 graves;

601 430 680 468 Hie
698 435 737 467 et
754 429 913 474 dolores,
933 433 971 466 et
989 428 1201 478 voluptates
1219 440 1306 466 suos

602 498 778 536 Produnt
794 510 980 541 recessus3
1010 497 1090 546 ipse
1109 509 1179 534 nee
1195 497 1309 535 timor
1326 498 1429 535 latet.

707 566 791 604 Has
809 566 911 604 norit
927 570 1026 603 artes
1045 565 1215 615 quisquis
1233 566 1272 602 in
1291 564 1375 603 foro
1393 565 1483 603 velit

603 636 833 674 Animorum
851 636 1017 673 habenas
1034 635 1196 679 flectere,
1218 639 1256 672 et
1274 635 1435 684 populos
1454 635 1562 684 cupit

608 705 722 754 Aptis
739 704 875 754 ligatos
893 704 1053 741 nexibus
1074 703 1186 754 jungi
1205 704 1288 741 sibi.

564 779 568 782 '
607 773 686 811 Hic
705 773 954 811 Archimedes
972 772 1147 822 publicus
1164 772 1257 822 figat
1274 773 1421 822 pedem,

608 842 802 892 Siquando
821 854 939 892 regna
957 842 1139 879 machinis
1158 841 1321 891 politicis

606 911 755 961 Urgere
774 910 922 960 satagit,
942 914 981 946 et
998 909 1096 947 feras
1115 915 1246 959 gentes
1264 911 1349 955 ciet,

604 979 772 1029 Imisque
791 983 936 1016 motum
955 978 1107 1015 sedibus
1121 979 1306 1015 mundum
1324 980 1468 1028 quatit:

606 1047 733 1086 Facile
752 1047 921 1084 domabit
941 1044 1089 1092 cuneta,
1109 1048 1174 1096 qui
1194 1048 1311 1085 menti
1330 1049 1501 1096 imperat.

714 1116 916 1154 Consultor
929 1116 1065 1161 audax,
1085 1122 1123 1154 et
1142 1116 1370 1154 Promethaei
1388 1122 1521 1166 potens

606 1185 800 1223 Facinoris
818 1185 964 1222 anime!
995 1186 1079 1235 quis
1097 1186 1167 1223 tibi
1186 1185 1292 1222 dedit
1309 1185 1416 1223 Deus

608 1254 708 1291 Haec
725 1254 865 1291 intueri
886 1253 1033 1291 saeeulis
1051 1253 1164 1303 longe
1182 1253 1322 1298 abdita,

609 1322 828 1373 Oculosque
845 1323 932 1360 luce
949 1323 1063 1360 tinxit
1083 1323 1272 1360 ambrosia
1289 1322 1405 1360 tuos?

609 1392 672 1429 Tu
689 1392 826 1429 mentis
845 1392 979 1437 omnis,
1000 1396 1039 1429 at
1056 1396 1133 1429 tuae
1152 1392 1255 1429 nulla
1274 1396 1331 1429 est
1349 1404 1479 1441 capax.

610 1461 698 1499 Hae
715 1462 827 1499 laude
846 1461 947 1498 solus
965 1460 1115 1502 fruere:
1143 1461 1314 1512 divinum
1333 1465 1389 1498 est
1408 1472 1502 1509 opus

613 1530 794 1568 Animam
813 1542 966 1575 creare3
991 1530 1206 1579 proximum
1224 1530 1325 1575 huic,
1345 1529 1553 1566 ostendere.

1103 1665 1214 1704 ΚΑΙ).
1233 1663 1482 1708 BATHURs'r,
1502 1662 1612 1700 A.M.

1242 1732 1320 1770 Col.
1343 1733 1448 1770 Trin.
1469 1733 1587 1769 Oxou.
1610 1733 1687 1770 Soc.
