1910 3256
10 2548 19 2563 ⁴.
6 2223 18 2514 -μ--ση-ιω--Ἴ--ο
3 2169 15 2216 ,ςε-
3 2151 5 2164 ⁴<

342 227 414 262 DE
441 228 600 273 LUCE,
628 229 860 274 CALORE,
887 228 961 264 ΕΤ·
981 206 1311 265 coLORIan.
1429 223 1524 265 365

102 347 118 412 'J
138 345 304 390 motus
329 340 395 389 ad
416 341 642 390 intimam
678 343 851 407 organi
876 342 1046 391 visorii
1079 350 1274 406 partem
1309 347 1410 391 cor.
1484 343 1527 391 A
1578 342 1774 426 ΡΑΙὲξΝ-

100 472 102 475 p
138 422 282 465 motu
311 423 476 466 autem
507 418 669 465 cordis
698 418 946 482 reagentis
981 417 1155 476 oritur,
1193 433 1281 480 per
1319 418 1527 466 eandem
1585 415 1774 462 »vl-a
1861 455 1869 474 ,

96 497 104 545 ᾗ
140 498 276 539 retro
317 491 462 551 viam,
504 502 710 541 conatus
753 494 981 542 desinens
1027 493 1079 541 in
1120 500 1319 551 conatu,
1356 510 1527 542 versus

95 562 107 591 ³³
136 566 402 626 exteriora,
417 568 600 616 tunicae
619 584 730 631 quae
743 577 950 618 vocatur
964 569 1139 617 retina.
1208 568 1307 616 Sed
1321 578 1528 618 conatus

139 641 236 692 iste
270 642 334 690 ad
364 643 611 692 exteriora
649 644 726 706 (ut
762 661 924 709 supra,
962 661 1069 709 cap.
1094 660 1231 704 xxv.
1270 644 1529 694 definitum

98 723 104 774 Ῑ
141 717 239 788 est)
266 717 390 767 illud
406 719 566 783 ipsum
586 728 663 768 est
682 721 816 785 quod
834 728 1041 770 vocatur
1063 721 1236 769 lumen·
1248 720 1349 768 sive
1372 721 1529 784 phan-

140 801 300 844 tasma
338 794 523 851 lucidi;
563 812 680 845 nam
722 805 929 861 propter
969 797 1066 845 hoc
1112 797 1403 861 phantasma
1439 804 1530 853 est,

99 873 103 875 “
134 868 276 933 «quod
302 869 554 934 objectum
582 881 790 921 vocatur
820 872 1054 921 lucidum.
1125 871 1379 920 Habemus
1410 887 1528 935 ergo

86 1010 88 1014 y
139 944 267 1005 lucis·
286 945 459 995 solaris
483 963 681 996 causam
703 948 1016 1012 possibilem3
1053 964 1202 1012 quam
1230 948 1530 1012 suscepimus

88 1051 94 1055 -
141 1036 380 1073 mvemre.

68 1097 78 1109 ’
203 1103 255 1147 ⁷3.
291 1097 438 1146 Lucis
469 1097 642 1147 solaris
673 1100 1044 1163 generationem
1079 1099 1346 1147 comitatur
1380 1115 1529 1163 gene·
1549 1106 1623 1167 Ωιι-0
1637 1106 1747 1156 modo,

77 1191 87 1240 ζ
140 1172 269 1222 ratio
307 1173 501 1222 caloris.
571 1174 797 1223 Calorem
824 1183 990 1223 autem
1021 1175 1073 1223 in
1107 1191 1158 1223 se
1195 1175 1303 1238 ipso
1333 1173 1531 1238 quidem
1548 1150 1605 1182 ¹⁰⁸
1619 1150 1774 1182 mefamt‘

37 1306 40 1307 ⁷
78 1301 84 1306 .
139 1249 493 1313 unusquisque,
532 1249 650 1298 dum
690 1251 905 1310 calescit,
944 1251 1202 1300 sentiendo
1245 1252 1530 1315 cognoscit3

67 1347 71 1350 ·
141 1322 194 1375 in
216 1325 332 1374 aliis
361 1333 528 1374 autem
561 1327 708 1375 rebus
742 1343 833 1391 per
867 1328 1311 1376 ratiocinationem.
1382 1327 1533 1375 Aliud

81 1399 85 1451 ᾗ
141 1402 274 1458 enim
296 1409 373 1450 est
392 1401 652 1461 calescere,
670 1403 805 1451 aliud
823 1403 1105 1451 calefacere.
1175 1404 1349 1467 Itaque
1366 1403 1532 1467 ignem

67 1508 79 1544 1-'
141 1477 221 1527 vel
243 1477 397 1526 solem
421 1477 691 1526 calefacere
727 1478 1172 1542 deprehendimus3
1207 1479 1338 1542 quod
1375 1479 1533 1527 caleat

70 1564 81 1593 ’-
141 1569 244 1603 non
268 1552 693 1616 deprehendimus.
766 1554 914 1603 Quod
934 1555 1132 1618 quidem
1150 1555 1395 1613 animalia,
1417 1555 1533 1603 dum

78 1658 81 1659 ν
141 1628 454 1686 calefaciunt,
488 1629 666 1687 calent,
704 1645 764 1676 ex
800 1630 1118 1678 similitudine
1154 1631 1312 1678 nostri
1334 1631 1534 1679 ratioci-

78 1710 81 1712 ’
142 1704 309 1754 nando
346 1703 618 1762 inferimus,
654 1704 740 1752 sed
774 1721 876 1753 non
910 1706 1204 1754 necessario.
1275 1706 1404 1754 Nam
1439 1707 1529 1755 etsi

13 1846 15 1848 q
143 1788 281 1830 recte
318 1779 514 1828 dicatur
550 1780 742 1831 animal
781 1781 1041 1846 ealefacit,
1081 1798 1206 1847 ergo
1244 1782 1393 1841 calet,
1430 1799 1532 1830 non

2 1851 3 1854 ¹
78 1875 80 1879 ’
143 1857 255 1906 ideo
301 1863 438 1909 recte
478 1854 691 1903 infertur
737 1856 874 1921 igni-5·
909 1857 1168 1922 calefacit,
1216 1874 1340 1923 ergo
1382 1858 1531 1906 calet.

8 1990 10 1992 ,
78 1931 79 1934 ’
144 1931 246 1983 Qui
286 1931 444 1996 magis
479 1932 627 1990 enim,
664 1948 812 1996 quam
846 1932 984 1997 ignis
1020 1933 1192 1981 dolere
1217 1933 1383 1998 facit,
1408 1950 1533 1999 ergo

6 2008 13 2018 ”
71 2005 82 2035 ῗ
139 2008 282 2070 dolet
297 2011 326 2057 ‚9
396 2006 622 2056 Calidum
659 2024 778 2071 ergo
824 2008 876 2056 id
920 2009 1120 2072 proprie
1161 2017 1212 2057 et
1256 2009 1413 2057 solum
1460 2010 1533 2057 di-

70 2139 71 2142 *
143 2084 357 2134 cendum
398 2092 489 2142 est,
528 2083 662 2147 quod
703 2084 972 2133 sentientes
1013 2101 1104 2133 nos
1142 2085 1444 2144 calescimus,
1484 2093 1534 2133 et

70 2223 72 2227 ,
107 2192 111 2199 ν’
142 2159 437 2210 necessario.

76 2227 78 2229 ¹
211 2236 524 2286 Calescentes
547 2243 714 2284 autem
743 2235 1070 2299 comperimus
1094 2235 1312 2299 spiritus,
1337 2238 1535 2301 sangui-

44 2343 70 2367 <
141 2328 258 2362 nem
282 2319 334 2360 et
357 2310 594 2375 quicquid
615 2311 667 2359 in
693 2311 981 2375 corporibus
1004 2311 1187 2359 nostris
1210 2311 1416 2359 fluidum
1442 2321 1532 2372 est,

143 2389 206 2438 ab
242 2387 561 2436 interioribus
595 2387 819 2451 partibus
856 2387 920 2435 ad
962 2387 1210 2435 exteriora
1248 2404 1339 2451 pro
1375 2388 1534 2451 gradu

73 2514 76 2519 ,
145 2463 322 2517 caloris
344 2462 503 2527 magis
526 2462 751 2511 minusve
776 2463 972 2511 evocari
1004 2470 1266 2527 cutemque
1296 2463 1534 2512 intumes-

75 2544 87 2603 ᾗ
145 2555 272 2590 cere.
342 2539 518 2603 Itaque
550 2539 591 2587 si
620 2539 729 2602 quis
770 2539 1073 2587 evocationis
1097 2539 1535 2602 tumescentiaeque

13 2612 18 2638 ’ἶ
76 2656 90 2662 ,.
142 2615 290 2681 hujus
336 2630 536 2664 causam
581 2615 867 2678 possibilem
908 2615 1197 2674 reddiderit,
1245 2616 1535 2679 caeterisque

9 2678 14 2706 ³
70 2707 100 2750 ’ᾖ
146 2691 322 2741 caloris
339 2690 677 2754 phaenomenis
697 2699 1093 2750 consentaneam,
1114 2691 1155 2739 is
1171 2691 1345 2739 caloris
1363 2692 1535 2741 solaris

9 2766 14 2789 ³
145 2766 637 2816 causamreddidisse
662 2767 934 2815 censendus
959 2774 1049 2815 est.

212 2843 479 2892 Ostensum
503 2850 595 2901 est,
624 2842 753 2906 (cap.
779 2858 901 2890 XXI.
931 2850 1024 2890 art.
1053 2842 1103 2903 5)
1132 2842 1202 2890 ita
1237 2844 1534 2891 commoveri
