1910 3256
485 261 582 304 300
801 273 872 309 DE
900 276 1238 313 RATIONIBUS
1265 281 1523 317 MOTUUM.

557 388 628 431 12.
649 385 881 434 Centrum
900 389 1154 450 aequilibrii
1175 392 1385 440 semissis
1405 393 1661 456 cujuslibet
1672 396 1847 460 figurae

484 472 664 517 earum,
682 476 789 523 quae
804 469 917 509 sunt
930 463 981 510 in
999 464 1211 513 secundo
1229 466 1399 515 ordine
1419 468 1634 531 ejusdem
1651 471 1843 522 tabellae

481 533 620 581 artic
654 541 699 593 3,
738 552 842 598 cap.
875 552 1015 584 xvu.
1059 546 1130 586 est
1165 548 1302 588 recta
1335 542 1415 588 axi
1449 543 1692 604 parallela.
1731 561 1843 610 quae

417 614 463 679 ζ-
479 606 616 656 basin
632 609 804 658 dividit
827 613 1092 660 secundum
1111 630 1338 664 numeros
1361 617 1613 666 fractionis
1637 634 1743 682 quae
1766 629 1840 670 est

418 690 445 722 is
478 682 529 730 in
570 693 743 746 quarto
785 686 969 745 ordine,
1011 687 1211 736 inferior
1251 691 1438 739 duobus
1482 692 1616 751 locis,
1672 693 1743 742 ita
1774 703 1838 744 ut

393 746 426 806 α’.
477 768 761 807 numerator
783 761 1075 823 respondeat
1097 764 1226 826 parti
1249 765 1313 812 ad
1335 782 1489 813 axem.

543 834 772 882 Sumatur
807 836 876 897 (in
900 837 981 899 fig.
1009 838 1060 900 7)
1095 839 1304 886 semissis
1340 840 1521 888 trilinei
1559 857 1618 889 ex
1649 842 1834 893 duobus

303 872 407 936 ”³12¹
475 910 645 957 mediis
687 911 916 966 secundi3
959 913 1021 960 sit
1058 929 1116 961 ea
1149 915 1395 970 ABCD;
1431 916 1841 979 complementum*

474 985 578 1047 ejus
614 986 653 1032 B
671 986 820 1033 CDE
841 1007 852 1041 ;
902 989 1241 1052 rectangulum
1277 991 1570 1053 completum
1603 993 1755 1041 ABE
1773 994 1832 1054 D,

473 1059 604 1121 quod
627 1060 870 1109 dividatur
891 1079 979 1125 per
1002 1072 1223 1112 centrum
1246 1066 1300 1113 M
1323 1083 1354 1114 a
1378 1066 1566 1115 duabus
1597 1067 1744 1116 rectis
1771 1069 1834 1118 ad

471 1150 523 1181 se
563 1135 771 1183 invicem
808 1138 1194 1201 orthogonaliter
1230 1140 1388 1188 ductis
1428 1142 1468 1188 L
1487 1142 1548 1200 Κ,
1595 1142 1733 1199 NO;
1783 1153 1837 1193 et:

470 1210 700 1272 quoniam
734 1211 834 1258 AB
853 1213 893 1259 E
913 1213 956 1259 D
995 1222 1068 1260 est
1101 1214 1164 1261 ad
1199 1215 1353 1263 ABC
1373 1217 1432 1274 D,
1468 1225 1520 1264 ut
1555 1223 1582 1264 5
1608 1217 1672 1265 ad
1690 1224 1735 1277 3,
1760 1219 1838 1267 di-

467 1284 661 1332 vidatur
689 1286 789 1333 AB
819 1287 870 1333 in
908 1287 963 1346 G,
993 1297 1050 1335 ut
1068 1289 1169 1335 AG
1210 1289 1273 1336 sit
1308 1290 1371 1337 ad
1401 1291 1497 1338 BG
1530 1299 1587 1339 ut
1624 1298 1653 1339 3
1690 1293 1753 1341 ad
1783 1300 1830 1353 5,

468 1367 518 1407 et
563 1361 768 1408 ducatur
809 1363 1038 1425 parallela
1083 1365 1188 1412 basi
1233 1365 1339 1412 FG.
1432 1367 1554 1413 Item
1603 1368 1835 1430 quoniam·
1875 1370 1886 1380 ”

467 1435 620 1482 ΑΒΕ
640 1436 684 1483 D
717 1444 792 1484 est
810 1437 873 1484 ad
911 1439 1004 1485 BC
1024 1439 1123 1486 DE
1153 1447 1209 1486 ut
1240 1445 1267 1486 5
1299 1440 1361 1487 ad
1384 1447 1429 1499 2,
1462 1441 1706 1490 dividatur
1734 1444 1828 1492 BE

467 1510 518 1557 in
535 1518 718 1573 puncto
744 1512 781 1569 I,
806 1511 875 1558 ita
897 1519 952 1559 ut
971 1513 1048 1560 BI
1084 1514 1146 1561 sit
1168 1514 1231 1561 ad
1260 1515 1340 1561 IE
1370 1523 1426 1563 ut
1446 1522 1472 1562 5
1499 1516 1562 1564 ad
1583 1523 1612 1564 2
1634 1538 1646 1572 ;
1683 1517 1828 1567 duca-

466 1593 641 1649 turque
666 1587 687 1633 I
706 1588 752 1634 H
776 1588 1006 1649 parallela
1028 1589 1121 1647 axi,
1144 1605 1310 1637 secans
1331 1591 1370 1637 L
1385 1591 1446 1648 K,
1467 1591 1554 1639 FG
1575 1592 1626 1639 in
1649 1593 1748 1641 Pet
1762 1594 1825 1643 Q.

466 1661 694 1709 Sumatur
711 1664 814 1725 jam
848 1664 883 1710 P
899 1664 957 1722 R,
983 1680 1091 1727 quae
1111 1665 1172 1712 sit
1197 1665 1261 1712 ad
1290 1667 1325 1713 P
1342 1666 1389 1714 Q.
1413 1674 1469 1713 ut
1493 1673 1522 1714 3
1546 1667 1608 1715 ad
1626 1674 1672 1726 2,
1709 1668 1827 1716 duc-

463 1743 610 1799 taque
652 1738 696 1784 R
715 1738 768 1784 M
804 1739 1100 1800 producatur
1136 1741 1198 1787 ad
1234 1742 1326 1788 FG
1370 1741 1422 1788 in
1459 1742 1505 1789 S.
1583 1743 1825 1792 Quoniam
1855 1775 1859 1779 -

462 1827 593 1874 ergo,
634 1820 691 1859 ut
727 1813 823 1860 RP
855 1813 916 1861 ad
954 1814 1067 1873 Pa,
1104 1816 1198 1862 hoc
1239 1824 1326 1874 est,
1352 1817 1480 1863 ΒΜ
1512 1817 1575 1864 ἃᾶ
1610 1818 1713 1865 MS
1754 1818 1825 1866 ita

461 1894 533 1933 est
572 1888 787 1935 ABCD
829 1889 891 1935 ad
927 1891 1332 1952 complementum
1365 1892 1466 1954 ejus
1507 1892 1603 1939 BC
1624 1893 1736 1952 DE,
1773 1902 1822 1942 et
1863 1951 1865 1953 Ι

459 1969 627 2008 centra
650 1962 903 2024 aequilibrii
933 1964 978 2010 A
998 1964 1037 2010 B
1054 1965 1092 2011 C
1110 1965 1170 2023 D,
1207 1966 1247 2012 B
1263 1966 1301 2013 C
1322 1966 1366 2012 D
1381 1967 1420 2013 E
1453 1975 1566 2014 sunt
1595 1968 1646 2015 in
1674 1969 1819 2017 rectis

457 2035 494 2080 F
508 2036 550 2083 G
582 2045 632 2084 et
667 2038 770 2095 HI,
807 2046 857 2084 et
881 2037 1101 2086 centrum
1125 2041 1380 2102 aequilibrii
1402 2042 1655 2105 utriusque
1678 2044 1818 2092 simul

455 2110 506 2157 in
530 2111 612 2166 M;
649 2112 742 2159 erit
771 2113 815 2159 R
838 2120 1059 2160 centrum
1084 2115 1424 2177 complementi
1448 2117 1488 2163 B
1505 2117 1543 2164 C
1562 2118 1675 2177 DE,
1712 2127 1761 2167 et
1784 2120 1815 2168 S
1876 2126 1877 2131 ’

455 2194 676 2234 centrum
719 2187 973 2250 aequilibrii
1006 2190 1175 2252 figurae
1209 2191 1253 2237 A
1268 2191 1307 2237 B
1324 2191 1362 2238 C
1377 2191 1435 2238 D.
1503 2193 1566 2239 Et
1588 2194 1816 2256 quoniam

454 2269 529 2308 est
566 2270 624 2309 ut
664 2263 759 2310 RP
795 2263 856 2310 ad
894 2264 1001 2312 RQ
1030 2265 1100 2312 ita
1136 2266 1256 2323 PM,
1294 2266 1346 2313 id
1369 2275 1458 2325 est,
1494 2268 1583 2314 IN
1606 2269 1850 2326 adase

453 2337 667 2399 qualium
694 2346 858 2386 autem
891 2340 1103 2402 partium
1138 2341 1247 2399 BE,
1285 2341 1337 2388 id
1366 2350 1453 2400 est,
1485 2343 1592 2401 FG,
1623 2355 1699 2391 est
1738 2351 1817 2404 14,
1871 2345 1882 2403 Q
1909 2388 1910 2413 ζ

451 2412 622 2460 talium
658 2414 742 2461 IN
774 2414 849 2461 vel
885 2415 990 2461 PM
1022 2423 1095 2462 est
1122 2422 1167 2473 3,
1193 2418 1461 2464 earundum
1478 2419 1691 2481 partium
1716 2420 1810 2469 QS
1908 2438 1910 2478 3

450 2495 525 2534 est
550 2494 594 2546 5,
635 2496 683 2536 et
717 2490 811 2547 EI,
849 2489 899 2536 id
936 2498 1021 2548 est,
1058 2490 1228 2549 FQ4,
1269 2499 1319 2539 et
1355 2493 1439 2540 FS
1470 2498 1516 2551 9,
1552 2501 1600 2541 et
1629 2495 1718 2542 GS
1744 2501 1814 2551 ὃς

449 2566 622 2614 dividit
644 2583 759 2630 crgo
782 2574 918 2615 recta
947 2568 978 2615 S
994 2569 1048 2626 T,
1078 2569 1308 2630 parallela
1330 2570 1423 2628 axi,
1458 2571 1595 2619 basin
1624 2573 1727 2620 AD
1757 2574 1811 2620 in
1871 2584 1873 2586 ’

450 2648 477 2688 5
525 2650 575 2689 et
615 2647 661 2690 9.
738 2643 929 2690 Fractio
975 2651 1139 2690 autem
1178 2647 1207 2694 ἓ
1247 2644 1493 2692 invenitur
1531 2647 1582 2694 in
1617 2648 1810 2696 tabellae

447 2717 616 2764 ordine
662 2725 851 2780 quarto,
899 2718 1085 2765 duobus
1130 2718 1249 2766 locis
1294 2720 1495 2768 inferior
1539 2738 1682 2784 quam
1732 2730 1807 2771 est

445 2791 664 2839 fractio³
640 2793 742 2856 Fin
765 2793 933 2840 ordine
956 2793 1182 2840 secundo.

508 2867 657 2915 Juxta
697 2869 897 2917 eandem
933 2869 1214 2917 methodum
1241 2870 1281 2916 si
1307 2878 1536 2929 sumatur,
1558 2871 1611 2919 in
1634 2872 1807 2920 eodem
