1936 3262
551 291 664 320 vrrAE
687 291 934 322 noanrANAE
958 292 1240 322 AUCTARIUM.
1529 277 1619 319 xlix

81 378 306 470 &butue
324 411 399 445 aut
417 402 589 445 malitiae
620 418 706 445 non
738 403 791 446 sit
822 403 1192 446 condemnaturus.
1255 402 1387 444 Liber
1407 403 1521 444 enim
1543 402 1614 445 ille

82 471 295 539 zggzffitus
313 504 377 537 est
397 494 527 538 Anno
556 495 732 538 Domini
755 499 879 548 1642,
903 511 988 554 quo
1008 505 1198 553 tempore
1217 494 1377 538 bellum
1398 495 1518 537 civile
1537 509 1614 552 per

89 568 124 587 a
156 584 359 644 Amgiiam
377 595 608 644 gereretur,
622 586 682 629 ita
693 595 741 629 ut
753 602 831 638 reS‚
846 596 948 630 tunc
960 587 1184 644 permistae,
1202 586 1444 644 permisceri
1463 587 1518 629 ab
1539 586 1610 629 illo

53 707 62 719 .-
75 667 115 738 {a
150 675 265 722 fibro
282 692 370 721 non
388 678 615 736 potuerint.

84 755 87 764 ’Ἴ
119 760 121 762 ’
213 754 433 821 “Qum-to,
454 769 531 813 ubi
550 778 598 812 tu
618 769 673 813 de
692 769 801 814 libro
821 784 916 812 meo
947 772 1188 814 Leviathan
1221 768 1433 826 scripsisti,
1462 769 1613 826 primo,

70 842 134 926 ³2³3·
152 858 270 919 &Quod
287 869 395 903 esset
411 863 561 905 vicinis
575 863 769 918 yentibus
793 865 1046 912 notissimus,
1068 860 1320 917 interposuit
1339 859 1423 911 ille,
1439 862 1612 917 publico

38 974 41 978 ·
72 951 101 1017 :js
150 952 321 1006 Bonum,
353 961 402 996 ut
427 961 535 996 esset
563 956 715 998 vicinis
738 954 934 1010 yentibus
966 954 1139 1010 publico
1169 955 1326 996 damno
1355 956 1599 996 notissimus

74 1030 76 1034 y
153 1041 323 1088 Deinde
356 1043 431 1087 ubi
464 1053 511 1088 tu
542 1044 776 1102 scripseras,
813 1047 986 1101 scripsit
1025 1046 1196 1095 librum,
1233 1043 1485 1101 interposuit
1523 1042 1605 1093 ille,

149 1139 556 1181 monstrosissimam.
592 1135 758 1194 Magna
772 1135 945 1194 quidem
957 1135 1100 1178 fuisset
1113 1135 1204 1178 haec
1219 1135 1387 1193 injuria,
1402 1135 1436 1177 si
1452 1134 1522 1177 ille
1536 1143 1608 1176 aut

41 1217 44 1220 Δ
149 1225 438 1271 doctrinarum
451 1227 588 1284 judex
606 1227 794 1279 idoneus,
816 1236 891 1270 aut
909 1227 1064 1285 insigni
1083 1226 1224 1285 aliqua
1239 1226 1476 1270 eruditione
1495 1226 1609 1268 domi

64 1334 77 1371 'A
114 1354 116 1357 ,
150 1316 218 1361 vel
235 1317 337 1362 foris
355 1328 481 1362 notus
499 1328 618 1362 esset.

210 1413 240 1436 ‘⁶
251 1409 428 1462 Quinto,
442 1425 540 1468 quae
552 1419 598 1453 tu
611 1410 665 1452 de
681 1409 868 1453 moribus
879 1410 999 1466 meis,
1021 1409 1076 1452 de
1095 1409 1207 1452 fama
1225 1409 1340 1466 apud
1359 1418 1537 1460 exteros,
1555 1408 1607 1450 de

150 1500 366 1544 benefieiis
407 1500 455 1543 in
500 1516 569 1544 me
621 1500 760 1559 regiis,
802 1504 892 1552 &c.,
914 1484 927 1503 ³
941 1510 1032 1544 tum
1083 1515 1194 1552 vere,
1241 1509 1333 1543 tum
1378 1499 1608 1542 honorifice

148 1591 383 1649 scripseras,
411 1590 566 1635 delevit
593 1592 746 1636 omnia.
809 1591 868 1635 Et
885 1592 978 1635 haec
1006 1591 1178 1651 quidem
1208 1607 1363 1650 magna
1392 1591 1470 1634 tibi
1499 1590 1610 1634 facta

63 1675 82 1727 s
149 1691 214 1726 est
244 1683 426 1740 injuria;
457 1697 555 1741 quae
574 1692 717 1726 tamen
735 1682 893 1741 alioqui
923 1683 1116 1727 nocitura
1134 1683 1240 1726 mihi
1259 1698 1347 1725 non
1367 1691 1443 1734 est,
1478 1681 1610 1739 (fama

62 1771 63 1774 ¹
95 1767 102 1776 ‘⁷
148 1774 266 1818 enim
301 1789 408 1828 mea,
449 1774 753 1833 qualiscunque
799 1783 875 1826 est,
909 1774 1167 1832 jamdudum
1205 1783 1390 1832 pennata
1428 1773 1608 1817 evolavit

146 1865 466 1922 irrevocabilis),
479 1866 554 1910 sed
570 1866 663 1918 sibi,
679 1866 919 1919 academiae,
937 1866 1062 1910 etiam
1078 1866 1225 1925 generi
1236 1867 1436 1910 humano.
1502 1866 1606 1917 sibi,

59 1954 84 2014 [ἶ
146 1965 322 2015 propter
334 1956 654 2015 turpitudinem.
699 1957 778 2000 Est
789 1958 904 2000 enim
919 1958 1047 2000 etiam
1059 1958 1104 2000 in
1120 1958 1349 2001 inimicitiis
1361 1957 1606 2001 exercendis

99 2103 111 2116 .
146 2047 264 2092 aliud
295 2048 378 2092 alio
416 2048 689 2092 inhonestius.
749 2049 900 2107 Itaque
940 2049 1172 2093 inimicitiae
1213 2050 1386 2108 quidem
1432 2049 1606 2107 injurias

69 2155 76 2183 ι
145 2139 375 2199 aliquando
399 2148 644 2183 extenuant.
704 2139 818 2182 Nam
847 2140 1016 2197 injuriae
1044 2150 1201 2198 apertae
1231 2141 1452 2184 authorem
1481 2156 1605 2183 suum

27 2214 32 2216 .
145 2230 387 2283 ostendunt,
407 2230 482 2274 sed
500 2230 668 2274 furtivae
687 2231 920 2289 quemlibet
937 2232 1076 2289 potius
1095 2232 1238 2284 alium,
1261 2233 1387 2276 etiam
1407 2233 1603 2284 amicum,

146 2321 379 2366 discrimini
397 2322 617 2380 objiciunt.
680 2323 936 2375 Academiae,
958 2333 1130 2381 propter
1149 2338 1242 2366 eam
1263 2339 1392 2382 quam
1412 2324 1605 2367 inimicus

70 2419 89 2445 5*
145 2411 276 2457 habet
290 2413 336 2456 in
354 2413 569 2457 academia
587 2413 901 2458 authoritatem.
963 2415 1123 2458 Generi
1136 2415 1320 2473 denique
1339 2415 1538 2468 humano,
1555 2432 1606 2459 eo

146 2481 262 2564 ἶ(111οεί
291 2520 389 2549 cum
422 2506 640 2564 cognitum
674 2506 740 2558 sit,
774 2515 940 2549 tantum
974 2522 1063 2550 esse
1093 2507 1334 2551 hominibus
1370 2508 1415 2550 in
1450 2507 1607 2551 alienas

145 2595 339 2640 historias
353 2597 580 2655 potestatis,
594 2597 712 2642 nulla
726 2613 811 2641 non
829 2598 1002 2642 historia
1021 2609 1212 2657 suspecta
1231 2600 1323 2642 erit.
1373 2600 1605 2652 Postremo,

126 2688 262 2748 ,quod
291 2700 447 2747 praeter
475 2691 727 2734 sententiam
755 2700 872 2734 tuam
904 2691 958 2734 de
989 2694 1183 2749 operibus
1216 2695 1321 2736 meis
1346 2696 1609 2748 yeometricis

63 2774 101 2830 f*
145 2778 311 2824 addidit
329 2790 404 2824 aut
422 2781 577 2825 delevit
599 2783 715 2839 (cum
735 2783 809 2841 qui
828 2782 1043 2826 hominem
1062 2782 1218 2834 norint,
1239 2798 1325 2826 non
1346 2798 1372 2826 a
1391 2799 1466 2826 sua
1479 2784 1628 2841 ipsius*

7 2891 11 2895 ·
145 2873 399 2932 cognitione,
433 2873 507 2916 sed
535 2873 620 2916 fide
648 2873 786 2917 aliena
813 2874 1003 2918 locutum
1031 2890 1120 2918 esse
1149 2875 1312 2926 sciunt3
1342 2885 1385 2918 et
1417 2875 1491 2933 qui
1520 2891 1606 2918 non

145 2963 301 3015 norint,
341 2979 499 3007 nomen
549 2965 640 3022 ejus
689 2966 799 3009 inter
849 2966 1165 3010 mathematicos
1217 2967 1370 3010 aliosve
1423 2968 1608 3011 eruditos

262 3069 361 3099 vot..
384 3070 412 3098 1.
1417 3076 1439 3102 θ
