<?xml version="1.0" encoding="UTF-8"?>
<!DOCTYPE html PUBLIC "-//W3C//DTD XHTML 1.0 Transitional//EN"
    "http://www.w3.org/TR/xhtml1/DTD/xhtml1-transitional.dtd">
<html xmlns="http://www.w3.org/1999/xhtml" xml:lang="en" lang="en">
 <head>
  <title>
</title>
<meta http-equiv="Content-Type" content="text/html;charset=utf-8" />
  <meta name='ocr-system' content='tesseract 3.04.00' />
  <meta name='ocr-capabilities' content='ocr_page ocr_carea ocr_par ocr_line ocrx_word'/>
</head>
<body>
  <div class='ocr_page' id='page_1' title='image "./operaphilosophic01hobbuoft_0524.png"; bbox 0 0 1910 3256; ppageno 0'>
   <div class='ocr_carea' id='block_1_1' title="bbox 165 357 376 390">
    <p class='ocr_par' dir='ltr' id='par_1_1' title="bbox 165 357 376 390">
     <span class='ocr_line' id='line_1_1' title="bbox 165 357 376 390; baseline 0.005 -1"><span class='ocrx_word' id='word_1_1' title='bbox 165 386 166 389; x_wconf 76' lang='grc'>,</span> <span class='ocrx_word' id='word_1_2' title='bbox 176 357 291 389; x_wconf 83' lang='lat' dir='ltr'>PARS</span> <span class='ocrx_word' id='word_1_3' title='bbox 316 358 376 390; x_wconf 84' lang='lat' dir='ltr'>IV.</span> 
     </span>
    </p>
   </div>
   <div class='ocr_carea' id='block_1_2' title="bbox 249 403 299 432">
    <p class='ocr_par' dir='ltr' id='par_1_2' title="bbox 249 403 299 432">
     <span class='ocr_line' id='line_1_2' title="bbox 249 403 299 432; baseline 0 0"><span class='ocrx_word' id='word_1_4' title='bbox 249 403 299 432; x_wconf 84' lang='lat'>29.</span> 
     </span>
    </p>
   </div>
   <div class='ocr_carea' id='block_1_3' title="bbox 178 1564 405 1683">
    <p class='ocr_par' dir='ltr' id='par_1_3' title="bbox 178 1564 405 1683">
     <span class='ocr_line' id='line_1_3' title="bbox 182 1564 287 1603; baseline -0.01 -8"><span class='ocrx_word' id='word_1_5' title='bbox 182 1564 287 1603; x_wconf 87' lang='lat' dir='ltr'><strong>Unde,</strong></span> 
     </span>
     <span class='ocr_line' id='line_1_4' title="bbox 178 1608 405 1645; baseline 0.004 -7"><span class='ocrx_word' id='word_1_6' title='bbox 178 1608 263 1638; x_wconf 86' lang='lat' dir='ltr'>tibiis</span> <span class='ocrx_word' id='word_1_7' title='bbox 278 1608 405 1645; x_wconf 82' lang='lat' dir='ltr'>inflatis,</span> 
     </span>
     <span class='ocr_line' id='line_1_5' title="bbox 180 1652 405 1683; baseline 0.004 -1"><span class='ocrx_word' id='word_1_8' title='bbox 180 1661 276 1682; x_wconf 87' lang='lat' dir='ltr'>sonus</span> <span class='ocrx_word' id='word_1_9' title='bbox 292 1652 405 1683; x_wconf 86' lang='lat' dir='ltr'>clarus.</span> 
     </span>
    </p>
   </div>
   <div class='ocr_carea' id='block_1_4' title="bbox 424 231 1240 275">
    <p class='ocr_par' dir='ltr' id='par_1_4' title="bbox 424 231 1240 275">
     <span class='ocr_line' id='line_1_6' title="bbox 424 231 1240 275; baseline 0 -1"><span class='ocrx_word' id='word_1_10' title='bbox 424 231 525 274; x_wconf 82' lang='lat'>400</span> <span class='ocrx_word' id='word_1_11' title='bbox 926 249 928 251; x_wconf 96' lang='lat'>·</span> <span class='ocrx_word' id='word_1_12' title='bbox 987 241 1240 275; x_wconf 52' lang='lat' dir='ltr'>PHYsch,</span> 
     </span>
    </p>
   </div>
   <div class='ocr_carea' id='block_1_5' title="bbox 422 349 1807 564">
    <p class='ocr_par' dir='ltr' id='par_1_5' title="bbox 422 349 1807 564">
     <span class='ocr_line' id='line_1_7' title="bbox 426 349 1807 413; baseline 0.004 -17"><span class='ocrx_word' id='word_1_13' title='bbox 426 350 628 397; x_wconf 87' lang='lat' dir='ltr'>minutae</span> <span class='ocrx_word' id='word_1_14' title='bbox 651 349 982 398; x_wconf 81' lang='lat' dir='ltr'>diffractarum</span> <span class='ocrx_word' id='word_1_15' title='bbox 1004 350 1216 413; x_wconf 83' lang='lat' dir='ltr'>partium</span> <span class='ocrx_word' id='word_1_16' title='bbox 1240 350 1385 413; x_wconf 85' lang='lat' dir='ltr'>longe</span> <span class='ocrx_word' id='word_1_17' title='bbox 1408 350 1603 413; x_wconf 87' lang='lat' dir='ltr'>lateque</span> <span class='ocrx_word' id='word_1_18' title='bbox 1627 367 1807 401; x_wconf 84' lang='lat' dir='ltr'>concu-</span> 
     </span>
     <span class='ocr_line' id='line_1_8' title="bbox 424 425 1807 482; baseline 0.003 -10"><span class='ocrx_word' id='word_1_19' title='bbox 424 426 624 482; x_wconf 89' lang='lat' dir='ltr'>tiantur,</span> <span class='ocrx_word' id='word_1_20' title='bbox 640 425 725 473; x_wconf 86' lang='lat' dir='ltr'>sed</span> <span class='ocrx_word' id='word_1_21' title='bbox 741 426 886 473; x_wconf 90' lang='lat' dir='ltr'>etiam</span> <span class='ocrx_word' id='word_1_22' title='bbox 899 433 956 473; x_wconf 90' lang='lat' dir='ltr'>ut</span> <span class='ocrx_word' id='word_1_23' title='bbox 971 425 1223 473; x_wconf 83' lang='lat' dir='ltr'>concussio</span> <span class='ocrx_word' id='word_1_24' title='bbox 1237 426 1320 472; x_wconf 90' lang='lat' dir='ltr'>illa</span> <span class='ocrx_word' id='word_1_25' title='bbox 1333 426 1433 472; x_wconf 90' lang='lat' dir='ltr'>aeri</span> <span class='ocrx_word' id='word_1_26' title='bbox 1449 426 1807 476; x_wconf 79' lang='lat' dir='ltr'>communicata</span> 
     </span>
     <span class='ocr_line' id='line_1_9' title="bbox 422 500 1806 564; baseline 0.001 -16"><span class='ocrx_word' id='word_1_27' title='bbox 422 501 489 548; x_wconf 83' lang='lat' dir='ltr'>ad</span> <span class='ocrx_word' id='word_1_28' title='bbox 525 517 763 564; x_wconf 86' lang='lat' dir='ltr'>organum</span> <span class='ocrx_word' id='word_1_29' title='bbox 801 501 1030 548; x_wconf 91' lang='lat' dir='ltr'>audiendi</span> <span class='ocrx_word' id='word_1_30' title='bbox 1072 500 1333 558; x_wconf 90' lang='lat' dir='ltr'>deferatur,</span> <span class='ocrx_word' id='word_1_31' title='bbox 1372 508 1519 562; x_wconf 88' lang='lat' dir='ltr'>atque</span> <span class='ocrx_word' id='word_1_32' title='bbox 1555 501 1606 548; x_wconf 90' lang='lat' dir='ltr'>in</span> <span class='ocrx_word' id='word_1_33' title='bbox 1646 501 1806 564; x_wconf 88' lang='lat' dir='ltr'>ipsum</span> 
     </span>
    </p>
   </div>
   <div class='ocr_carea' id='block_1_6' title="bbox 418 575 1806 638">
    <p class='ocr_par' dir='ltr' id='par_1_6' title="bbox 418 575 1806 638">
     <span class='ocr_line' id='line_1_10' title="bbox 418 575 1806 638; baseline 0.002 -16"><span class='ocrx_word' id='word_1_34' title='bbox 418 575 746 638; x_wconf 80' lang='lat' dir='ltr'><strong>imprimatur.</strong></span> <span class='ocrx_word' id='word_1_35' title='bbox 816 575 1003 623; x_wconf 84' lang='lat' dir='ltr'>Deinde</span> <span class='ocrx_word' id='word_1_36' title='bbox 1041 591 1070 622; x_wconf 89' lang='lat' dir='ltr'>a</span> <span class='ocrx_word' id='word_1_37' title='bbox 1105 575 1353 622; x_wconf 89' lang='lat' dir='ltr'>reactione</span> <span class='ocrx_word' id='word_1_38' title='bbox 1377 576 1548 638; x_wconf 85' lang='lat' dir='ltr'>organi</span> <span class='ocrx_word' id='word_1_39' title='bbox 1570 575 1729 638; x_wconf 81' lang='lat' dir='ltr'>prima</span> <span class='ocrx_word' id='word_1_40' title='bbox 1746 578 1806 637; x_wconf 82' lang='lat' dir='ltr'>fit</span> 
     </span>
    </p>
   </div>
   <div class='ocr_carea' id='block_1_7' title="bbox 418 649 1806 2670">
    <p class='ocr_par' dir='ltr' id='par_1_7' title="bbox 420 649 1806 1540">
     <span class='ocr_line' id='line_1_11' title="bbox 424 649 1804 713; baseline 0.001 -16"><span class='ocrx_word' id='word_1_41' title='bbox 424 650 506 697; x_wconf 90' lang='lat' dir='ltr'>ille</span> <span class='ocrx_word' id='word_1_42' title='bbox 530 666 675 698; x_wconf 88' lang='lat' dir='ltr'>sonus</span> <span class='ocrx_word' id='word_1_43' title='bbox 696 651 881 713; x_wconf 91' lang='lat' dir='ltr'>primus</span> <span class='ocrx_word' id='word_1_44' title='bbox 906 656 955 696; x_wconf 91' lang='lat' dir='ltr'>et</span> <span class='ocrx_word' id='word_1_45' title='bbox 976 649 1283 707; x_wconf 80' lang='lat' dir='ltr'>fortissimus,</span> <span class='ocrx_word' id='word_1_46' title='bbox 1308 666 1452 711; x_wconf 90' lang='lat' dir='ltr'>quem</span> <span class='ocrx_word' id='word_1_47' title='bbox 1474 660 1655 712; x_wconf 86' lang='lat' dir='ltr'>partes,</span> <span class='ocrx_word' id='word_1_48' title='bbox 1680 650 1804 699; x_wconf 83' lang='lat' dir='ltr'>dum</span> 
     </span>
     <span class='ocr_line' id='line_1_12' title="bbox 426 724 1806 788; baseline 0.001 -16"><span class='ocrx_word' id='word_1_49' title='bbox 426 741 478 772; x_wconf 90' lang='lat' dir='ltr'>se</span> <span class='ocrx_word' id='word_1_50' title='bbox 499 726 777 784; x_wconf 90' lang='lat' dir='ltr'>restituunt,</span> <span class='ocrx_word' id='word_1_51' title='bbox 814 725 1030 772; x_wconf 89' lang='lat' dir='ltr'>efficiunt</span> <span class='ocrx_word' id='word_1_52' title='bbox 1064 740 1152 787; x_wconf 92' lang='lat' dir='ltr'>per</span> <span class='ocrx_word' id='word_1_53' title='bbox 1185 724 1500 783; x_wconf 83' lang='lat' dir='ltr'>collisionem,</span> <span class='ocrx_word' id='word_1_54' title='bbox 1534 732 1583 772; x_wconf 90' lang='lat' dir='ltr'>et</span> <span class='ocrx_word' id='word_1_55' title='bbox 1606 725 1690 788; x_wconf 88' lang='lat' dir='ltr'>qui</span> <span class='ocrx_word' id='word_1_56' title='bbox 1723 741 1806 774; x_wconf 84' lang='lat' dir='ltr'>vo-</span> 
     </span>
     <span class='ocr_line' id='line_1_13' title="bbox 426 799 1804 864; baseline 0.001 -17"><span class='ocrx_word' id='word_1_57' title='bbox 426 808 566 847; x_wconf 87' lang='lat' dir='ltr'>catur</span> <span class='ocrx_word' id='word_1_58' title='bbox 579 800 759 864; x_wconf 90' lang='lat' dir='ltr'>fragor.</span> <span class='ocrx_word' id='word_1_59' title='bbox 806 800 1052 848; x_wconf 75' lang='lat' dir='ltr'>Quoniam</span> <span class='ocrx_word' id='word_1_60' title='bbox 1071 806 1235 846; x_wconf 91' lang='lat' dir='ltr'>autem</span> <span class='ocrx_word' id='word_1_61' title='bbox 1258 799 1307 846; x_wconf 90' lang='lat' dir='ltr'>in</span> <span class='ocrx_word' id='word_1_62' title='bbox 1326 800 1459 847; x_wconf 89' lang='lat' dir='ltr'>omni</span> <span class='ocrx_word' id='word_1_63' title='bbox 1483 800 1804 851; x_wconf 87' lang='lat' dir='ltr'>concussione</span> 
     </span>
     <span class='ocr_line' id='line_1_14' title="bbox 423 874 1804 938; baseline 0.001 -16"><span class='ocrx_word' id='word_1_64' title='bbox 423 876 480 923; x_wconf 92' lang='lat' dir='ltr'>fit</span> <span class='ocrx_word' id='word_1_65' title='bbox 502 875 824 938; x_wconf 85' lang='lat' dir='ltr'>reciprocatio</span> <span class='ocrx_word' id='word_1_66' title='bbox 848 874 1004 922; x_wconf 92' lang='lat' dir='ltr'>ituum</span> <span class='ocrx_word' id='word_1_67' title='bbox 1028 883 1078 921; x_wconf 92' lang='lat' dir='ltr'>et</span> <span class='ocrx_word' id='word_1_68' title='bbox 1097 874 1342 922; x_wconf 89' lang='lat' dir='ltr'>redituum</span> <span class='ocrx_word' id='word_1_69' title='bbox 1363 875 1576 937; x_wconf 87' lang='lat' dir='ltr'>partium</span> <span class='ocrx_word' id='word_1_70' title='bbox 1600 891 1804 924; x_wconf 81' lang='lat' dir='ltr'>concus-</span> 
     </span>
     <span class='ocr_line' id='line_1_15' title="bbox 420 949 1804 1012; baseline 0.003 -17"><span class='ocrx_word' id='word_1_71' title='bbox 420 966 617 1005; x_wconf 82' lang='lat' dir='ltr'>sarum3</span> <span class='ocrx_word' id='word_1_72' title='bbox 648 967 763 998; x_wconf 90' lang='lat' dir='ltr'>nam</span> <span class='ocrx_word' id='word_1_73' title='bbox 785 958 948 997; x_wconf 92' lang='lat' dir='ltr'>motus</span> <span class='ocrx_word' id='word_1_74' title='bbox 969 949 1202 997; x_wconf 90' lang='lat' dir='ltr'>contrarii</span> <span class='ocrx_word' id='word_1_75' title='bbox 1224 950 1508 1012; x_wconf 84' lang='lat' dir='ltr'>extinguere</span> <span class='ocrx_word' id='word_1_76' title='bbox 1540 951 1591 998; x_wconf 84' lang='lat' dir='ltr'>se</span> <span class='ocrx_word' id='word_1_77' title='bbox 1613 958 1804 1010; x_wconf 85' lang='lat' dir='ltr'>mutuo,</span> 
     </span>
     <span class='ocr_line' id='line_1_16' title="bbox 423 1026 1805 1088; baseline 0.001 -16"><span class='ocrx_word' id='word_1_78' title='bbox 423 1026 517 1073; x_wconf 89' lang='lat' dir='ltr'>nisi</span> <span class='ocrx_word' id='word_1_79' title='bbox 539 1026 894 1073; x_wconf 89' lang='lat' dir='ltr'>interveniente</span> <span class='ocrx_word' id='word_1_80' title='bbox 916 1032 1153 1088; x_wconf 89' lang='lat' dir='ltr'>tempore,</span> <span class='ocrx_word' id='word_1_81' title='bbox 1182 1041 1282 1072; x_wconf 91' lang='lat' dir='ltr'>non</span> <span class='ocrx_word' id='word_1_82' title='bbox 1312 1032 1532 1087; x_wconf 84' lang='lat' dir='ltr'>possunt,</span> <span class='ocrx_word' id='word_1_83' title='bbox 1563 1033 1620 1073; x_wconf 91' lang='lat' dir='ltr'>ut</span> <span class='ocrx_word' id='word_1_84' title='bbox 1643 1033 1805 1074; x_wconf 84' lang='lat' dir='ltr'>osten—</span> 
     </span>
     <span class='ocr_line' id='line_1_17' title="bbox 425 1100 1806 1164; baseline 0.001 -17"><span class='ocrx_word' id='word_1_85' title='bbox 425 1117 532 1148; x_wconf 89' lang='lat' dir='ltr'>sum</span> <span class='ocrx_word' id='word_1_86' title='bbox 566 1108 638 1148; x_wconf 90' lang='lat' dir='ltr'>est</span> <span class='ocrx_word' id='word_1_87' title='bbox 679 1101 859 1164; x_wconf 88' lang='lat' dir='ltr'>(capite</span> <span class='ocrx_word' id='word_1_88' title='bbox 884 1116 1009 1149; x_wconf 86' lang='lat' dir='ltr'>V111.</span> <span class='ocrx_word' id='word_1_89' title='bbox 1054 1100 1192 1148; x_wconf 88' lang='lat' dir='ltr'>artic.</span> <span class='ocrx_word' id='word_1_90' title='bbox 1223 1100 1336 1162; x_wconf 86' lang='lat' dir='ltr'>ll);</span> <span class='ocrx_word' id='word_1_91' title='bbox 1383 1116 1585 1148; x_wconf 89' lang='lat' dir='ltr'>necesse</span> <span class='ocrx_word' id='word_1_92' title='bbox 1619 1109 1708 1160; x_wconf 91' lang='lat' dir='ltr'>est,</span> <span class='ocrx_word' id='word_1_93' title='bbox 1748 1109 1806 1149; x_wconf 87' lang='lat' dir='ltr'>ut</span> 
     </span>
     <span class='ocr_line' id='line_1_18' title="bbox 426 1176 1803 1239; baseline 0.001 -16"><span class='ocrx_word' id='word_1_94' title='bbox 426 1191 572 1223; x_wconf 91' lang='lat' dir='ltr'>sonus</span> <span class='ocrx_word' id='word_1_95' title='bbox 615 1184 893 1239; x_wconf 87' lang='lat' dir='ltr'>perseveret</span> <span class='ocrx_word' id='word_1_96' title='bbox 938 1177 1080 1223; x_wconf 90' lang='lat' dir='ltr'>simul</span> <span class='ocrx_word' id='word_1_97' title='bbox 1127 1184 1176 1223; x_wconf 90' lang='lat' dir='ltr'>et</span> <span class='ocrx_word' id='word_1_98' title='bbox 1229 1176 1466 1239; x_wconf 90' lang='lat' dir='ltr'>paulatim</span> <span class='ocrx_word' id='word_1_99' title='bbox 1511 1176 1803 1236; x_wconf 79' lang='lat' dir='ltr'>debilitetur,</span> 
     </span>
     <span class='ocr_line' id='line_1_19' title="bbox 425 1251 1805 1314; baseline 0.002 -16"><span class='ocrx_word' id='word_1_100' title='bbox 425 1251 579 1298; x_wconf 90' lang='lat' dir='ltr'>donec</span> <span class='ocrx_word' id='word_1_101' title='bbox 610 1251 740 1298; x_wconf 90' lang='lat' dir='ltr'>actio</span> <span class='ocrx_word' id='word_1_102' title='bbox 769 1251 1117 1314; x_wconf 91' lang='lat' dir='ltr'>reciprocantis</span> <span class='ocrx_word' id='word_1_103' title='bbox 1140 1252 1265 1299; x_wconf 90' lang='lat' dir='ltr'>aeris</span> <span class='ocrx_word' id='word_1_104' title='bbox 1289 1259 1391 1299; x_wconf 89' lang='lat' dir='ltr'>tam</span> <span class='ocrx_word' id='word_1_105' title='bbox 1417 1252 1594 1300; x_wconf 80' lang='lat' dir='ltr'>debilis·</span> <span class='ocrx_word' id='word_1_106' title='bbox 1611 1253 1723 1311; x_wconf 70' lang='lat' dir='ltr'>fiat,</span> <span class='ocrx_word' id='word_1_107' title='bbox 1747 1261 1805 1301; x_wconf 89' lang='lat' dir='ltr'>ut</span> 
     </span>
     <span class='ocr_line' id='line_1_20' title="bbox 422 1327 1804 1390; baseline 0.001 -16"><span class='ocrx_word' id='word_1_108' title='bbox 422 1343 523 1374; x_wconf 90' lang='lat' dir='ltr'>non</span> <span class='ocrx_word' id='word_1_109' title='bbox 548 1327 754 1390; x_wconf 90' lang='lat' dir='ltr'>amplius</span> <span class='ocrx_word' id='word_1_110' title='bbox 780 1328 1030 1374; x_wconf 84' lang='lat' dir='ltr'>sentiatur.</span> <span class='ocrx_word' id='word_1_111' title='bbox 1101 1328 1240 1374; x_wconf 90' lang='lat' dir='ltr'>Patet</span> <span class='ocrx_word' id='word_1_112' title='bbox 1264 1343 1381 1390; x_wconf 86' lang='lat' dir='ltr'>ergo</span> <span class='ocrx_word' id='word_1_113' title='bbox 1406 1327 1513 1375; x_wconf 89' lang='lat' dir='ltr'>soni</span> <span class='ocrx_word' id='word_1_114' title='bbox 1547 1344 1575 1375; x_wconf 86' lang='lat' dir='ltr'>a</span> <span class='ocrx_word' id='word_1_115' title='bbox 1599 1328 1804 1386; x_wconf 86' lang='lat' dir='ltr'>tonitru,</span> 
     </span>
     <span class='ocr_line' id='line_1_21' title="bbox 421 1402 1806 1467; baseline 0.003 -19"><span class='ocrx_word' id='word_1_116' title='bbox 421 1409 527 1448; x_wconf 88' lang='lat' dir='ltr'>tum</span> <span class='ocrx_word' id='word_1_117' title='bbox 567 1403 712 1464; x_wconf 85' lang='lat' dir='ltr'>primi</span> <span class='ocrx_word' id='word_1_118' title='bbox 749 1403 876 1449; x_wconf 90' lang='lat' dir='ltr'>illius</span> <span class='ocrx_word' id='word_1_119' title='bbox 918 1402 1140 1464; x_wconf 88' lang='lat' dir='ltr'>fragoris,</span> <span class='ocrx_word' id='word_1_120' title='bbox 1179 1410 1285 1449; x_wconf 90' lang='lat' dir='ltr'>tum</span> <span class='ocrx_word' id='word_1_121' title='bbox 1326 1404 1430 1465; x_wconf 86' lang='lat' dir='ltr'>ejus</span> <span class='ocrx_word' id='word_1_122' title='bbox 1468 1403 1550 1466; x_wconf 91' lang='lat' dir='ltr'>qui</span> <span class='ocrx_word' id='word_1_123' title='bbox 1587 1404 1806 1467; x_wconf 86' lang='lat' dir='ltr'>sequitur</span> 
     </span>
     <span class='ocr_line' id='line_1_22' title="bbox 422 1477 1097 1540; baseline 0.001 -16"><span class='ocrx_word' id='word_1_124' title='bbox 422 1477 646 1525; x_wconf 85' lang='lat' dir='ltr'>fremitus</span> <span class='ocrx_word' id='word_1_125' title='bbox 672 1494 817 1525; x_wconf 90' lang='lat' dir='ltr'>causa</span> <span class='ocrx_word' id='word_1_126' title='bbox 838 1477 1097 1540; x_wconf 91' lang='lat' dir='ltr'>possibilis.</span> 
     </span>
    </p>

    <p class='ocr_par' dir='ltr' id='par_1_8' title="bbox 418 1553 1805 2670">
     <span class='ocr_line' id='line_1_23' title="bbox 490 1553 1803 1615; baseline 0.002 -15"><span class='ocrx_word' id='word_1_127' title='bbox 490 1558 536 1599; x_wconf 91' lang='lat'>6.</span> <span class='ocrx_word' id='word_1_128' title='bbox 586 1553 744 1600; x_wconf 85' lang='lat' dir='ltr'>Causa</span> <span class='ocrx_word' id='word_1_129' title='bbox 782 1553 914 1611; x_wconf 89' lang='lat' dir='ltr'>item,</span> <span class='ocrx_word' id='word_1_130' title='bbox 961 1568 1111 1615; x_wconf 90' lang='lat' dir='ltr'>quare</span> <span class='ocrx_word' id='word_1_131' title='bbox 1151 1567 1298 1603; x_wconf 83' lang='lat' dir='ltr'>sonus</span> <span class='ocrx_word' id='word_1_132' title='bbox 1335 1553 1580 1612; x_wconf 88' lang='lat' dir='ltr'>tibiarum,</span> <span class='ocrx_word' id='word_1_133' title='bbox 1617 1553 1709 1601; x_wconf 90' lang='lat' dir='ltr'>etsi</span> <span class='ocrx_word' id='word_1_134' title='bbox 1743 1554 1803 1602; x_wconf 89' lang='lat' dir='ltr'>ab</span> 
     </span>
     <span class='ocr_line' id='line_1_24' title="bbox 424 1627 1805 1690; baseline 0.003 -16"><span class='ocrx_word' id='word_1_135' title='bbox 424 1627 675 1676; x_wconf 88' lang='lat' dir='ltr'>inflatione</span> <span class='ocrx_word' id='word_1_136' title='bbox 707 1635 983 1690; x_wconf 83' lang='lat' dir='ltr'>generetur,</span> <span class='ocrx_word' id='word_1_137' title='bbox 1021 1627 1178 1674; x_wconf 88' lang='lat' dir='ltr'>clarus</span> <span class='ocrx_word' id='word_1_138' title='bbox 1210 1635 1375 1675; x_wconf 84' lang='lat' dir='ltr'>tamen</span> <span class='ocrx_word' id='word_1_139' title='bbox 1399 1635 1488 1686; x_wconf 90' lang='lat' dir='ltr'>est,</span> <span class='ocrx_word' id='word_1_140' title='bbox 1527 1628 1696 1676; x_wconf 89' lang='lat' dir='ltr'>eadem</span> <span class='ocrx_word' id='word_1_141' title='bbox 1730 1637 1805 1678; x_wconf 78' lang='lat' dir='ltr'>est</span> 
     </span>
     <span class='ocr_line' id='line_1_25' title="bbox 424 1703 1804 1765; baseline 0.001 -15"><span class='ocrx_word' id='word_1_142' title='bbox 424 1717 536 1750; x_wconf 90' lang='lat' dir='ltr'>cum</span> <span class='ocrx_word' id='word_1_143' title='bbox 571 1719 719 1750; x_wconf 89' lang='lat' dir='ltr'>causa</span> <span class='ocrx_word' id='word_1_144' title='bbox 750 1704 856 1750; x_wconf 91' lang='lat' dir='ltr'>soni</span> <span class='ocrx_word' id='word_1_145' title='bbox 885 1703 967 1765; x_wconf 92' lang='lat' dir='ltr'>qui</span> <span class='ocrx_word' id='word_1_146' title='bbox 1004 1704 1062 1749; x_wconf 89' lang='lat' dir='ltr'>fit</span> <span class='ocrx_word' id='word_1_147' title='bbox 1097 1719 1185 1765; x_wconf 91' lang='lat' dir='ltr'>per</span> <span class='ocrx_word' id='word_1_148' title='bbox 1217 1703 1530 1752; x_wconf 86' lang='lat' dir='ltr'>collisionem.</span> <span class='ocrx_word' id='word_1_149' title='bbox 1600 1704 1728 1754; x_wconf 84' lang='lat' dir='ltr'>Nam</span> <span class='ocrx_word' id='word_1_150' title='bbox 1763 1704 1804 1752; x_wconf 86' lang='lat' dir='ltr'>si</span> 
     </span>
     <span class='ocr_line' id='line_1_26' title="bbox 424 1778 1803 1842; baseline 0.001 -17"><span class='ocrx_word' id='word_1_151' title='bbox 424 1778 622 1841; x_wconf 90' lang='lat' dir='ltr'>spiritus</span> <span class='ocrx_word' id='word_1_152' title='bbox 657 1778 707 1825; x_wconf 91' lang='lat' dir='ltr'>in</span> <span class='ocrx_word' id='word_1_153' title='bbox 733 1778 902 1825; x_wconf 89' lang='lat' dir='ltr'>tibiam</span> <span class='ocrx_word' id='word_1_154' title='bbox 932 1778 1130 1824; x_wconf 87' lang='lat' dir='ltr'>inflatus</span> <span class='ocrx_word' id='word_1_155' title='bbox 1162 1779 1466 1840; x_wconf 89' lang='lat' dir='ltr'>superficiem</span> <span class='ocrx_word' id='word_1_156' title='bbox 1491 1780 1594 1842; x_wconf 75' lang='lat' dir='ltr'>ejus</span> <span class='ocrx_word' id='word_1_157' title='bbox 1628 1795 1803 1827; x_wconf 77' lang='lat' dir='ltr'>conca-</span> 
     </span>
     <span class='ocr_line' id='line_1_27' title="bbox 422 1853 1803 1911; baseline 0.002 -11"><span class='ocrx_word' id='word_1_158' title='bbox 422 1870 534 1901; x_wconf 88' lang='lat' dir='ltr'>vam</span> <span class='ocrx_word' id='word_1_159' title='bbox 557 1854 897 1901; x_wconf 88' lang='lat' dir='ltr'>tantummodo</span> <span class='ocrx_word' id='word_1_160' title='bbox 921 1853 1076 1911; x_wconf 88' lang='lat' dir='ltr'>radat,</span> <span class='ocrx_word' id='word_1_161' title='bbox 1101 1853 1179 1900; x_wconf 86' lang='lat' dir='ltr'>vel</span> <span class='ocrx_word' id='word_1_162' title='bbox 1210 1853 1261 1900; x_wconf 90' lang='lat' dir='ltr'>in</span> <span class='ocrx_word' id='word_1_163' title='bbox 1286 1870 1392 1902; x_wconf 90' lang='lat' dir='ltr'>eam</span> <span class='ocrx_word' id='word_1_164' title='bbox 1415 1854 1634 1902; x_wconf 89' lang='lat' dir='ltr'>incidens</span> <span class='ocrx_word' id='word_1_165' title='bbox 1656 1855 1803 1903; x_wconf 78' lang='lat' dir='ltr'>faciat</span> 
     </span>
     <span class='ocr_line' id='line_1_28' title="bbox 423 1926 1801 1992; baseline 0.001 -16"><span class='ocrx_word' id='word_1_166' title='bbox 423 1930 657 1992; x_wconf 83' lang='lat' dir='ltr'>angulum</span> <span class='ocrx_word' id='word_1_167' title='bbox 688 1929 968 1977; x_wconf 89' lang='lat' dir='ltr'>incidentiae</span> <span class='ocrx_word' id='word_1_168' title='bbox 991 1926 1130 1975; x_wconf 89' lang='lat' dir='ltr'>valde</span> <span class='ocrx_word' id='word_1_169' title='bbox 1166 1936 1381 1987; x_wconf 81' lang='lat' dir='ltr'>acutum,</span> <span class='ocrx_word' id='word_1_170' title='bbox 1417 1942 1563 1978; x_wconf 86' lang='lat' dir='ltr'>sonus</span> <span class='ocrx_word' id='word_1_171' title='bbox 1583 1931 1668 1977; x_wconf 89' lang='lat' dir='ltr'>fiet</span> <span class='ocrx_word' id='word_1_172' title='bbox 1701 1946 1801 1978; x_wconf 87' lang='lat' dir='ltr'>non</span> 
     </span>
     <span class='ocr_line' id='line_1_29' title="bbox 424 2002 1802 2067; baseline 0.001 -16"><span class='ocrx_word' id='word_1_173' title='bbox 424 2005 597 2063; x_wconf 87' lang='lat' dir='ltr'>clarus,</span> <span class='ocrx_word' id='word_1_174' title='bbox 636 2004 723 2051; x_wconf 92' lang='lat' dir='ltr'>sed</span> <span class='ocrx_word' id='word_1_175' title='bbox 757 2004 941 2051; x_wconf 91' lang='lat' dir='ltr'>sibilus.</span> <span class='ocrx_word' id='word_1_176' title='bbox 965 2023 968 2027; x_wconf 92' lang='lat'>·</span> <span class='ocrx_word' id='word_1_177' title='bbox 1013 2002 1160 2052; x_wconf 77' lang='lat' dir='ltr'>Quod</span> <span class='ocrx_word' id='word_1_178' title='bbox 1196 2003 1237 2050; x_wconf 90' lang='lat' dir='ltr'>si</span> <span class='ocrx_word' id='word_1_179' title='bbox 1265 2003 1415 2051; x_wconf 89' lang='lat' dir='ltr'>faciat</span> <span class='ocrx_word' id='word_1_180' title='bbox 1445 2005 1678 2067; x_wconf 84' lang='lat' dir='ltr'>angulum</span> <span class='ocrx_word' id='word_1_181' title='bbox 1699 2021 1802 2052; x_wconf 85' lang='lat' dir='ltr'>ma-</span> 
     </span>
     <span class='ocr_line' id='line_1_30' title="bbox 418 2079 1800 2147; baseline 0.001 -21"><span class='ocrx_word' id='word_1_182' title='bbox 418 2081 592 2143; x_wconf 88' lang='lat' dir='ltr'>jorem,</span> <span class='ocrx_word' id='word_1_183' title='bbox 618 2081 717 2147; x_wconf 23' lang='lat' dir='ltr'>*fiet</span> <span class='ocrx_word' id='word_1_184' title='bbox 751 2079 998 2143; x_wconf 89' lang='lat' dir='ltr'>percussio</span> <span class='ocrx_word' id='word_1_185' title='bbox 1035 2086 1206 2126; x_wconf 88' lang='lat' dir='ltr'>contra</span> <span class='ocrx_word' id='word_1_186' title='bbox 1226 2079 1407 2126; x_wconf 86' lang='lat' dir='ltr'>fistulae</span> <span class='ocrx_word' id='word_1_187' title='bbox 1439 2096 1706 2128; x_wconf 83' lang='lat' dir='ltr'>concavum</span> <span class='ocrx_word' id='word_1_188' title='bbox 1739 2081 1800 2128; x_wconf 80' lang='lat' dir='ltr'>ad</span> 
     </span>
     <span class='ocr_line' id='line_1_31' title="bbox 422 2154 1805 2219; baseline 0.001 -16"><span class='ocrx_word' id='word_1_189' title='bbox 422 2172 571 2203; x_wconf 88' lang='lat' dir='ltr'>unam</span> <span class='ocrx_word' id='word_1_190' title='bbox 614 2163 820 2218; x_wconf 89' lang='lat' dir='ltr'>partem,</span> <span class='ocrx_word' id='word_1_191' title='bbox 871 2163 920 2203; x_wconf 90' lang='lat' dir='ltr'>et</span> <span class='ocrx_word' id='word_1_192' title='bbox 976 2154 1090 2202; x_wconf 89' lang='lat' dir='ltr'>inde</span> <span class='ocrx_word' id='word_1_193' title='bbox 1149 2155 1447 2217; x_wconf 88' lang='lat' dir='ltr'>repercussio</span> <span class='ocrx_word' id='word_1_194' title='bbox 1504 2155 1585 2203; x_wconf 85' lang='lat' dir='ltr'>ad.</span> <span class='ocrx_word' id='word_1_195' title='bbox 1613 2162 1805 2219; x_wconf 81' lang='lat' dir='ltr'>partem-</span> 
     </span>
     <span class='ocr_line' id='line_1_32' title="bbox 423 2229 1802 2293; baseline 0 -15"><span class='ocrx_word' id='word_1_196' title='bbox 423 2231 694 2289; x_wconf 87' lang='lat' dir='ltr'>adversam,</span> <span class='ocrx_word' id='word_1_197' title='bbox 726 2238 776 2278; x_wconf 90' lang='lat' dir='ltr'>et</span> <span class='ocrx_word' id='word_1_198' title='bbox 800 2230 976 2278; x_wconf 89' lang='lat' dir='ltr'>deinde</span> <span class='ocrx_word' id='word_1_199' title='bbox 1009 2229 1596 2293; x_wconf 80' lang='lat' dir='ltr'>repercussionesplures</span> <span class='ocrx_word' id='word_1_200' title='bbox 1631 2230 1802 2278; x_wconf 78' lang='lat' dir='ltr'>eodem</span> 
     </span>
     <span class='ocr_line' id='line_1_33' title="bbox 423 2305 1802 2368; baseline 0.001 -15"><span class='ocrx_word' id='word_1_201' title='bbox 423 2306 587 2364; x_wconf 87' lang='lat' dir='ltr'>modo,</span> <span class='ocrx_word' id='word_1_202' title='bbox 641 2306 798 2354; x_wconf 91' lang='lat' dir='ltr'>donec</span> <span class='ocrx_word' id='word_1_203' title='bbox 855 2305 1055 2353; x_wconf 90' lang='lat' dir='ltr'>tandem</span> <span class='ocrx_word' id='word_1_204' title='bbox 1099 2312 1206 2352; x_wconf 87' lang='lat' dir='ltr'>tota</span> <span class='ocrx_word' id='word_1_205' title='bbox 1249 2305 1384 2353; x_wconf 87' lang='lat' dir='ltr'>tibiae</span> <span class='ocrx_word' id='word_1_206' title='bbox 1429 2306 1708 2368; x_wconf 88' lang='lat' dir='ltr'>superficies</span> <span class='ocrx_word' id='word_1_207' title='bbox 1753 2313 1802 2354; x_wconf 84' lang='lat' dir='ltr'>et</span> 
     </span>
     <span class='ocr_line' id='line_1_34' title="bbox 422 2381 1801 2445; baseline 0.001 -17"><span class='ocrx_word' id='word_1_208' title='bbox 422 2382 723 2445; x_wconf 88' lang='lat' dir='ltr'>percutietur</span> <span class='ocrx_word' id='word_1_209' title='bbox 760 2389 810 2429; x_wconf 90' lang='lat' dir='ltr'>et</span> <span class='ocrx_word' id='word_1_210' title='bbox 839 2381 1163 2438; x_wconf 86' lang='lat' dir='ltr'>concutietur,</span> <span class='ocrx_word' id='word_1_211' title='bbox 1188 2381 1373 2442; x_wconf 85' lang='lat' dir='ltr'>fietque</span> <span class='ocrx_word' id='word_1_212' title='bbox 1401 2381 1558 2428; x_wconf 88' lang='lat' dir='ltr'>ituum</span> <span class='ocrx_word' id='word_1_213' title='bbox 1591 2387 1642 2428; x_wconf 90' lang='lat' dir='ltr'>et</span> <span class='ocrx_word' id='word_1_214' title='bbox 1673 2381 1801 2429; x_wconf 87' lang='lat' dir='ltr'>redi-</span> 
     </span>
     <span class='ocr_line' id='line_1_35' title="bbox 422 2455 1802 2520; baseline 0.001 -17"><span class='ocrx_word' id='word_1_215' title='bbox 422 2465 563 2504; x_wconf 89' lang='lat' dir='ltr'>tuum</span> <span class='ocrx_word' id='word_1_216' title='bbox 594 2457 912 2520; x_wconf 87' lang='lat' dir='ltr'>reciprocatio</span> <span class='ocrx_word' id='word_1_217' title='bbox 951 2463 1007 2503; x_wconf 89' lang='lat' dir='ltr'>ut</span> <span class='ocrx_word' id='word_1_218' title='bbox 1041 2455 1092 2502; x_wconf 91' lang='lat' dir='ltr'>in</span> <span class='ocrx_word' id='word_1_219' title='bbox 1125 2455 1400 2511; x_wconf 73' lang='lat' dir='ltr'>collisione,</span> <span class='ocrx_word' id='word_1_220' title='bbox 1444 2472 1552 2518; x_wconf 86' lang='lat' dir='ltr'>quae</span> <span class='ocrx_word' id='word_1_221' title='bbox 1591 2457 1802 2519; x_wconf 90' lang='lat' dir='ltr'>recipro-</span> 
     </span>
     <span class='ocr_line' id='line_1_36' title="bbox 425 2531 1800 2595; baseline 0.001 -16"><span class='ocrx_word' id='word_1_222' title='bbox 425 2533 550 2579; x_wconf 90' lang='lat' dir='ltr'>catio</span> <span class='ocrx_word' id='word_1_223' title='bbox 587 2549 697 2580; x_wconf 89' lang='lat' dir='ltr'>cum</span> <span class='ocrx_word' id='word_1_224' title='bbox 732 2532 795 2579; x_wconf 90' lang='lat' dir='ltr'>ad</span> <span class='ocrx_word' id='word_1_225' title='bbox 825 2547 1062 2595; x_wconf 87' lang='lat' dir='ltr'>organum</span> <span class='ocrx_word' id='word_1_226' title='bbox 1095 2531 1462 2593; x_wconf 84' lang='lat' dir='ltr'>propagabitur,</span> <span class='ocrx_word' id='word_1_227' title='bbox 1490 2548 1520 2578; x_wconf 91' lang='lat' dir='ltr'>a</span> <span class='ocrx_word' id='word_1_228' title='bbox 1552 2531 1800 2580; x_wconf 84' lang='lat' dir='ltr'>reactione</span> 
     </span>
     <span class='ocr_line' id='line_1_37' title="bbox 424 2606 1800 2670; baseline 0.001 -16"><span class='ocrx_word' id='word_1_229' title='bbox 424 2608 595 2670; x_wconf 88' lang='lat' dir='ltr'>organi</span> <span class='ocrx_word' id='word_1_230' title='bbox 630 2608 813 2655; x_wconf 88' lang='lat' dir='ltr'>orietur</span> <span class='ocrx_word' id='word_1_231' title='bbox 847 2623 993 2655; x_wconf 88' lang='lat' dir='ltr'>sonus</span> <span class='ocrx_word' id='word_1_232' title='bbox 1017 2606 1188 2664; x_wconf 87' lang='lat' dir='ltr'>clarus,</span> <span class='ocrx_word' id='word_1_233' title='bbox 1224 2606 1349 2653; x_wconf 90' lang='lat' dir='ltr'>sicut</span> <span class='ocrx_word' id='word_1_234' title='bbox 1381 2606 1433 2653; x_wconf 91' lang='lat' dir='ltr'>in</span> <span class='ocrx_word' id='word_1_235' title='bbox 1456 2606 1702 2654; x_wconf 86' lang='lat' dir='ltr'>collisione</span> <span class='ocrx_word' id='word_1_236' title='bbox 1724 2607 1800 2655; x_wconf 80' lang='lat' dir='ltr'>vel</span> 
     </span>
    </p>
   </div>
   <div class='ocr_carea' id='block_1_8' title="bbox 405 2682 744 2730">
    <p class='ocr_par' dir='ltr' id='par_1_9' title="bbox 405 2682 744 2730">
     <span class='ocr_line' id='line_1_38' title="bbox 405 2682 744 2730; baseline 0.003 -1"><span class='ocrx_word' id='word_1_237' title='bbox 405 2721 408 2725; x_wconf 94' lang='lat'>.</span> <span class='ocrx_word' id='word_1_238' title='bbox 418 2682 744 2730; x_wconf 86' lang='lat' dir='ltr'>diffractione.</span> 
     </span>
    </p>
   </div>
   <div class='ocr_carea' id='block_1_9' title="bbox 425 2757 1801 2895">
    <p class='ocr_par' dir='ltr' id='par_1_10' title="bbox 425 2757 1801 2895">
     <span class='ocr_line' id='line_1_39' title="bbox 491 2757 1800 2807; baseline 0.002 -3"><span class='ocrx_word' id='word_1_239' title='bbox 491 2758 570 2804; x_wconf 92' lang='lat' dir='ltr'>Ad</span> <span class='ocrx_word' id='word_1_240' title='bbox 593 2758 802 2806; x_wconf 89' lang='lat' dir='ltr'>eundem</span> <span class='ocrx_word' id='word_1_241' title='bbox 835 2757 1033 2805; x_wconf 91' lang='lat' dir='ltr'>modum</span> <span class='ocrx_word' id='word_1_242' title='bbox 1055 2758 1113 2804; x_wconf 91' lang='lat' dir='ltr'>fit</span> <span class='ocrx_word' id='word_1_243' title='bbox 1146 2757 1197 2804; x_wconf 91' lang='lat' dir='ltr'>in</span> <span class='ocrx_word' id='word_1_244' title='bbox 1219 2773 1341 2805; x_wconf 88' lang='lat' dir='ltr'>voce</span> <span class='ocrx_word' id='word_1_245' title='bbox 1374 2757 1602 2805; x_wconf 89' lang='lat' dir='ltr'>humana.</span> <span class='ocrx_word' id='word_1_246' title='bbox 1671 2757 1800 2807; x_wconf 86' lang='lat' dir='ltr'>Nam</span> 
     </span>
     <span class='ocr_line' id='line_1_40' title="bbox 425 2832 1801 2895; baseline 0.003 -17"><span class='ocrx_word' id='word_1_247' title='bbox 425 2832 600 2894; x_wconf 87' lang='lat' dir='ltr'>spiritu</span> <span class='ocrx_word' id='word_1_248' title='bbox 622 2833 772 2880; x_wconf 90' lang='lat' dir='ltr'>libere</span> <span class='ocrx_word' id='word_1_249' title='bbox 797 2832 988 2891; x_wconf 87' lang='lat' dir='ltr'>emisso,</span> <span class='ocrx_word' id='word_1_250' title='bbox 1026 2840 1075 2880; x_wconf 88' lang='lat' dir='ltr'>et</span> <span class='ocrx_word' id='word_1_251' title='bbox 1111 2832 1345 2891; x_wconf 86' lang='lat' dir='ltr'>cavitates</span> <span class='ocrx_word' id='word_1_252' title='bbox 1371 2848 1461 2895; x_wconf 83' lang='lat' dir='ltr'>per</span> <span class='ocrx_word' id='word_1_253' title='bbox 1495 2849 1614 2895; x_wconf 83' lang='lat' dir='ltr'>quas</span> <span class='ocrx_word' id='word_1_254' title='bbox 1642 2841 1801 2884; x_wconf 77' lang='lat' dir='ltr'>trans-</span> 
     </span>
    </p>
   </div>
   <div class='ocr_carea' id='block_1_10' title="bbox 1882 0 1910 157">
    <p class='ocr_par' dir='ltr' id='par_1_11' title="bbox 1882 0 1910 157">
     <span class='ocr_line' id='line_1_41' title="bbox 1882 0 1910 157; textangle 90"><span class='ocrx_word' id='word_1_255' title='bbox 1887 82 1898 157; x_wconf 34' lang='lat' dir='ltr'>hue&gt;</span> <span class='ocrx_word' id='word_1_256' title='bbox 1882 0 1910 71; x_wconf 45' lang='lat'>&amp;554¹</span> 
     </span>
    </p>
   </div>
  </div>
 </body>
</html>
