1936 3262
369 271 484 313 xlviii
764 288 875 316 v1⁷rAE
897 289 1139 318 HOBBIANAE
1162 289 1436 320 AUCTARIUM.

374 395 548 452 quisque
578 396 756 439 maxime
783 398 928 455 gloriae
958 398 1094 440 studio
1123 399 1362 455 duceretur)
1385 416 1472 443 sese
1501 400 1642 445 debito
1670 401 1804 446 laudis

372 486 593 541 praeconio,
616 488 737 530 unica
764 488 926 530 virtutis
953 487 1153 539 mercede,
1175 489 1406 545 spoliatum,
1429 500 1472 532 et
1499 505 1573 547 per
1600 506 1804 535 summam

374 576 628 631 injustitiam,
661 579 818 621 nomini
849 594 923 621 suo
957 579 1162 636 insignem
1191 580 1245 623 ad
1278 591 1460 638 posteros
1493 583 1673 625 inustam
1706 599 1805 627 con-

375 667 598 718 tumeliam,
639 684 723 711 non
754 669 1036 711 dissimulavit.
1095 670 1166 712 Ad
1200 672 1356 729 regiam
1386 673 1512 715 etiam
1544 674 1804 730 majestatem

373 772 489 800 suam
509 758 657 801 detulit
686 760 998 816 querimoniam,
1020 776 1114 818 quae
1145 761 1222 817 ipsi
1250 761 1423 804 liberam
1451 773 1596 806 contra
1614 763 1805 807 adversa-

375 847 531 890 riorum
581 849 804 892 calumnias
842 851 905 892 sui
939 851 1232 903 defensionem,
1283 868 1359 909 pro
1409 853 1528 896 solita
1573 853 1805 906 clementia,

375 938 557 981 indulsit.
617 939 758 988 Quare
772 940 986 996 epistolam
1000 941 1296 998 apologeticam
1311 942 1365 984 ad
1386 943 1619 985 Antonium
1631 959 1657 986 a
1673 943 1806 986 Wood

375 1028 527 1079 datam,
565 1029 672 1071 circa
700 1030 866 1072 comitia
895 1030 1277 1073 Oxoniensiaanni
1310 1033 1419 1079 1674
1447 1033 1686 1089 publicavit,
1709 1049 1806 1092 quae

377 1118 419 1158 in
439 1118 550 1160 hunc
571 1119 740 1161 modum
759 1134 802 1161 se
821 1119 979 1162 habuit.

379 1295 590 1323 EPISTOLA
610 1296 780 1325 THOMAE
798 1296 984 1334 nonnus,
1015 1296 1455 1335 MALMESBURIENSIS,
1477 1298 1536 1327 AD
1558 1299 1806 1328 ΑΝΤοΝιυΜ

434 1386 461 1413 A
481 1386 625 1423 woon,
644 1372 875 1414 Authorem
898 1372 1099 1414 Historiae
1114 1381 1157 1414 et
1178 1372 1491 1430 Antiquitatum
1514 1374 1807 1419 Universitatis

435 1462 576 1505 Oxon.
597 1462 818 1504 inserenda
836 1462 891 1504 ad
909 1478 949 1519 p.
966 1465 1062 1513 376,
1084 1462 1156 1504 lib.
1170 1462 1211 1506 ii.
1233 1463 1419 1519 ejusdem
1438 1463 1635 1510 historiae.

435 1575 461 1595 “
476 1569 764 1612 Eruditissime
784 1570 978 1621 Domine,
1000 1570 1184 1628 mihique
1209 1572 1465 1624 amicissime,
1483 1573 1680 1617 indicavit
1705 1575 1810 1617 mihi

377 1661 531 1703 amicus
569 1670 708 1703 noster
746 1661 975 1702 communis
1027 1661 1066 1702 J.
1089 1661 1141 1702 A.
1177 1676 1226 1703 ea
1273 1677 1369 1718 quae
1407 1663 1450 1704 in
1498 1663 1604 1706 libro
1645 1674 1716 1708 tuo
1754 1666 1808 1709 de

378 1750 711 1807 Antiquitatibus
724 1751 963 1793 Academiae
979 1751 1226 1794 Oxoniensis
1239 1752 1399 1794 addidit
1418 1762 1461 1795 et
1476 1753 1628 1797 delevit
1647 1755 1807 1798 Doctor

376 1840 586 1882 Johannes
604 1839 706 1890 Fell,
726 1840 919 1883 Decanus
940 1840 1255 1888 AEdis-Christi.
1276 1842 1320 1883 in
1340 1857 1389 1884 ea
1406 1852 1536 1899 parte,
1558 1859 1654 1901 quae
1672 1855 1735 1887 est
1754 1845 1808 1888 de

379 1930 478 1971 Vita
496 1945 599 1972 mea.
660 1929 882 1982 Nimirum,
902 1931 973 1973 ubi
994 1932 1095 1973 mihi
1116 1942 1160 1974 tu
1176 1932 1390 1989 ingenium
1405 1934 1596 1976 attribuis
1609 1937 1804 1987 sobrium,

377 2020 458 2071 ille,
481 2020 615 2062 deleto
641 2023 785 2071 sobrio,
813 2021 1023 2063 substituit
1052 2026 1153 2065 acri.
1214 2022 1340 2071 Quod
1370 2023 1537 2080 quidem
1568 2024 1638 2067 ille
1667 2025 1806 2068 animo

379 2110 578 2152 malevolo
606 2126 681 2167 pro
711 2111 894 2154 convicio
922 2112 1070 2168 posuit.
1131 2112 1375 2155 Convicium
1396 2122 1534 2156 tamen
1554 2129 1638 2156 non
1668 2125 1742 2166 est,
1763 2123 1807 2157 et

379 2200 496 2243 facile
516 2201 612 2243 ferri
633 2211 779 2258 potest.

435 2296 461 2317 “
480 2291 654 2342 Rursus,
691 2292 762 2334 ubi
798 2301 842 2333 tu
889 2291 1103 2333 Marinum
1146 2292 1418 2334 Mersennum
1455 2293 1636 2350 appellas
1669 2298 1806 2339 virum

377 2385 580 2437 optimum
591 2401 607 2429 ;
638 2381 719 2432 ille,
753 2381 890 2424 nescio
922 2396 1005 2438 qua
1034 2381 1201 2432 invidia,
1235 2383 1362 2425 verba
1394 2383 1466 2426 illa
1495 2383 1659 2427 delevit.
1721 2383 1805 2427 Sed

377 2470 625 2512 contumelia
645 2471 721 2512 ista
740 2486 823 2512 non
844 2471 898 2512 ad
913 2485 979 2512 me
998 2471 1189 2527 pertinet.

435 2562 458 2585 “
481 2561 639 2611 Tertio,
662 2562 735 2604 ubi
765 2572 809 2603 tu
831 2562 1060 2618 scripseras,
1082 2565 1265 2606 libellum
1283 2567 1450 2619 scripsit
1470 2567 1521 2607 de
1544 2566 1653 2615 Cive,
1675 2564 1803 2607 inter-

376 2651 512 2708 posuit
524 2651 591 2692 ille
605 2652 712 2693 inter
732 2653 914 2696 libellum
930 2662 972 2693 et
987 2654 1038 2695 de
1061 2654 1171 2701 Cive,
1185 2653 1307 2695 rebus
1315 2655 1617 2708 pennice-endis
1627 2661 1772 2698 natum
1785 2673 1802 2703 ,-

376 2751 424 2784 ut
438 2753 555 2792 esset,
573 2744 755 2785 libellum
771 2746 946 2798 scripsit,
967 2744 1089 2785 rebus
1105 2745 1402 2798 permiscendis
1420 2750 1582 2794 natum,
1603 2745 1656 2786 de
1673 2745 1771 2787 Cive
1783 2763 1800 2792 ,-

377 2832 490 2889 quod
518 2832 576 2873 ita
605 2831 817 2873 manifeste
846 2831 994 2873 falsum
1023 2840 1097 2882 est,
1120 2840 1166 2872 ut
1194 2845 1335 2872 eorum
1367 2832 1439 2888 qui
1473 2832 1668 2888 temporis
1693 2832 1802 2875 illius

376 2922 565 2964 notitiam
594 2921 1002 2978 quantulamcunque
1030 2921 1264 2972 habuerint,
1286 2936 1408 2963 nemo
1437 2921 1554 2963 illum
1583 2931 1655 2964 aut
1683 2921 1800 2978 igno-
