1910 3256
362 250 434 284 DE
462 251 624 295 SONO,
653 251 858 296 01101111,
886 250 1115 295 sAPossE,
1143 251 1261 284 Ero.
1415 239 1510 284 399

108 364 222 412 »lum
242 363 378 423 facit,
404 366 520 428 quia
542 359 848 429 superficiem
875 365 1126 412 labrorum
1160 364 1328 411 exiens
1364 362 1511 422 radit,
1574 368 1689 442 PAljg
1714 367 1773 399 IV·

119 455 331 503 quorum
353 441 540 489 reactio
574 449 750 489 contra
770 441 871 488 vim
904 440 1086 488 halitus
1119 454 1219 486 non
1253 446 1328 486 est
1362 438 1514 486 sensi·
1589 435 1753 481 κ-γὶ-κ
1825 477 1832 495 x

118 515 246 564 bilis.
299 515 486 564 Eadem
510 523 673 564 autem
699 532 845 564 causa
863 523 936 564 est
960 531 1111 579 quare
1136 514 1336 562 sibilant
1357 514 1512 562 venti.

120 591 247 639 Item
284 591 325 639 si
362 591 460 639 duo
499 607 708 655 corpora
736 590 1051 655 quantumvis
1083 589 1206 637 dura
1241 605 1354 637 cum
1376 605 1514 653 pres-

113 667 257 715 ,sione
298 666 534 714 mediocri
570 666 922 725 confricentur,
965 681 1114 714 sonus
1146 681 1292 728 quem
1328 665 1517 713 faciunt

121 743 291 791 sibilus
324 749 430 797 est;
467 742 635 790 sibilus
669 750 834 790 autem
868 741 1064 806 quando
1101 742 1160 789 fit
1196 741 1258 788 ab
1294 757 1407 788 aere
1441 757 1518 789 ra-

113 819 287 877 dente,
323 825 382 866 ut
417 817 645 878 diximus,
689 819 909 882 corporis
954 818 1160 881 alicujus
1199 816 1311 865 duri
1347 833 1519 880 super-

113 895 299 954 ficiem,
322 910 425 941 non
447 893 646 942 videtur
668 894 803 942 aliud
826 910 946 952 esse,
972 910 1120 957 quam
1142 892 1268 941 aeris
1289 893 1341 940 in
1367 893 1518 940 exiles

122 978 174 1020 et
203 970 487 1019 innumeras
522 978 688 1034 partes
726 970 997 1018 secundum
1027 968 1390 1033 longitudinem
1421 968 1520 1017 dis-

122 1047 292 1096 sectio.
334 1046 589 1110 Asperitas
608 1047 740 1095 enim
755 1046 1032 1110 superficiei
1046 1062 1136 1110 per
1149 1045 1521 1094 innumerarum

122 1123 340 1188 partium
386 1123 677 1171 eminentias
717 1139 881 1171 aerem
927 1123 1265 1171 incurrentem
1306 1122 1520 1170 dissecat

123 1199 233 1248 sive
251 1198 501 1247 discindit.

190 1281 240 1324 4.
296 1274 542 1338 Strepitus
588 1281 771 1333 autem,
811 1273 913 1322 sive
963 1290 1114 1322 sonus
1157 1289 1305 1338 quem
1349 1275 1524 1323 vocavi
1542 1281 1619 1314 3ουί
1637 1280 1720 1332 cleri,

125 1351 328 1409 clarum,
369 1351 429 1398 fit
458 1366 558 1397 uno
594 1349 743 1398 modo
782 1365 842 1397 ex
876 1350 1116 1413 oppositis
1157 1349 1326 1408 sibilis,
1369 1350 1523 1399 altero
1541 1325 1798 1408 ῗέιέῗιῗῗζᾱᾷξῖᾱε.

125 1427 274 1475 modo
317 1426 515 1490 quando
565 1426 775 1474 duorum
822 1442 1090 1490 corporum
1136 1426 1390 1474 collisione
1436 1435 1525 1475 aut

126 1503 401 1552 divulsione
430 1502 594 1550 subita
624 1502 881 1566 particulae
907 1518 1079 1550 eorum
1112 1502 1274 1550 subito
1307 1519 1526 1551 commo-

116 1586 320 1638 ventur,
336 1578 414 1627 vel
429 1585 687 1626 commotae
707 1578 869 1626 subito
885 1594 936 1626 se
951 1578 1217 1626 restituunt
1233 1599 1245 1634 ;
1265 1585 1526 1642 motusque

126 1655 170 1704 is
199 1654 556 1719 particularum
592 1654 755 1702 medio
793 1654 1059 1718 impressus
1091 1654 1155 1702 ad
1182 1654 1415 1702 audiendi
1449 1671 1529 1703 or-

126 1747 314 1794 ganum
335 1746 494 1794 usque
526 1738 828 1794 propagatus
867 1737 971 1786 est3
1009 1746 1235 1794 cumque,
1260 1731 1311 1778 in
1336 1746 1395 1778 ea
1429 1731 1531 1778 col-

127 1807 302 1856 lisione
337 1807 418 1855 vel
460 1806 751 1865 divulsione,
790 1813 996 1854 conatus
1032 1806 1163 1854 inest
1194 1806 1245 1854 in
1275 1806 1530 1870 particulis

128 1882 274 1931 unius
299 1881 518 1946 corporis
542 1882 757 1941 conatui,
780 1882 864 1945 qui
879 1889 953 1930 est
970 1882 1022 1930 in
1039 1882 1293 1946 particulis
1312 1882 1530 1941 alterius,

131 1958 426 2017 contrarius,
472 1958 561 2006 fiet
603 1958 753 2006 etiam
793 1958 963 2005 similis
1015 1965 1295 2017 conatuum,
1342 1957 1395 2005 id
1440 1965 1529 2017 est,

119 2042 355 2083 motuum
388 2033 634 2097 oppositio
675 2034 727 2081 in
763 2050 950 2097 organo
985 2033 1233 2081 audiendi.
1305 2033 1450 2082 Unde
1482 2042 1533 2082 et

133 2126 282 2160 sonus
306 2109 422 2158 inde
446 2109 645 2173 genitus
670 2126 700 2158 a
723 2109 915 2158 duobus
937 2110 1024 2157 fiet
1046 2110 1260 2157 motibus
1278 2110 1530 2174 oppositis,

132 2188 186 2236 id
209 2194 299 2246 est,
335 2203 365 2235 a
387 2186 580 2234 duobus
605 2186 759 2234 sibilis
783 2186 1041 2234 contrariis
1076 2185 1128 2233 in
1154 2202 1255 2233 una
1276 2192 1327 2234 et
1361 2185 1532 2233 eadem

132 2271 276 2328 parte
322 2262 514 2327 organi.
603 2262 784 2310 Sibilus
824 2263 971 2319 enim,
1012 2269 1069 2310 ut
1109 2262 1257 2310 modo
1304 2262 1531 2321 diximus,

134 2347 326 2389 motum
343 2338 490 2386 unius
514 2345 712 2386 tantum
738 2338 957 2402 corporis
980 2338 1212 2401 supponit
1237 2338 1531 2386 sensibilem.

134 2417 224 2466 Est
241 2422 407 2464 autem
425 2414 488 2462 ab
511 2414 608 2462 hoc
632 2422 859 2462 motuum
878 2415 931 2461 in
949 2430 1136 2477 organo
1158 2430 1382 2472 occursu,
1402 2413 1535 2477 quod

135 2507 344 2557 corpora
358 2490 524 2538 subito
542 2490 712 2538 collisa
724 2490 803 2538 vel
818 2490 1043 2538 diffracta
1055 2490 1285 2538 videntur
1299 2498 1533 2554 strepere.

206 2573 253 2617 5.
305 2566 497 2616 Quibus
539 2566 801 2624 concessis,
844 2565 1054 2629 fragoris
1092 2582 1122 2613 a
1158 2566 1348 2614 tonitru
1389 2582 1535 2614 causa
1553 2574 1782 2607 Souusatoni-

137 2659 246 2693 esse
275 2649 455 2707 potest,
487 2641 731 2706 siquidem
759 2642 970 2690 tonitrus
992 2657 1094 2689 non
1116 2642 1174 2689 fit
1205 2641 1300 2689 nisi
1336 2659 1366 2690 a
1388 2643 1535 2691 vehe-
1550 2620 1798 2703 ἷᾞᾱῗ,ῗιι1ἷ3ἷῖ

138 2727 306 2768 11101110
328 2717 454 2767 aeris
476 2734 504 2766 0
528 2718 897 2782 congelatarum
921 2717 1126 2765 nubium
1150 2717 1372 2766 cavernis
1390 2735 1536 2782 erup-

139 2795 291 2853 tione,
346 2793 500 2858 ipsius
548 2793 725 2857 glaciei
770 2793 932 2841 subita
978 2792 1236 2842 diffractio.
1318 2794 1534 2843 Necesse

121 2871 275 2921 ,enim
309 2877 386 2919 est
423 2870 476 2918 in
513 2885 573 2919 ea
610 2870 822 2930 actione,
859 2886 960 2918 non
997 2869 1144 2919 modo
1185 2876 1241 2918 ut
1280 2871 1534 2934 particulae
