1936 3262
226 403 343 436 PARS
360 402 388 434 Ι.

245 541 386 573 Utilitas.

458 263 487 305 8
774 273 1126 308 COMPUTATIO
1155 275 1280 308 SIVE
1307 276 1523 310 LOGICA.

460 407 664 456 quaeque
687 394 1079 442 manifestissime
1114 395 1238 443 falsa
1260 403 1408 459 atque
1433 396 1644 444 absurda
1674 404 1840 456 erant,

463 543 503 591 si
526 560 583 591 ea
604 544 698 607 ipsi
724 545 1070 607 cognovissent
1091 545 1386 608 persuadere
1409 561 1510 593 non
1527 553 1796 609 potuerunt
1819 546 1836 593 Ρ

461 619 538 667 vel
559 635 717 682 pauca
738 619 822 666 1113
845 635 953 682 quae
977 627 1146 667 extant
1169 628 1530 683 geometrarum
1554 621 1751 684 scripta,
1775 621 1841 670 ad

463 694 846 742 controversiam
880 711 1073 742 omnem
1110 695 1161 742 in
1193 695 1252 743 iis
1288 696 1433 743 rebus
1471 711 1590 759 quas
1622 703 1840 744 tractant

463 769 729 817 tollendam
784 769 1046 826 valebunt;
1099 770 1356 818 innumera
1396 771 1479 818 illa
1524 778 1575 818 et
1619 770 1840 835 ingentia

463 845 712 892 volumina
746 845 1035 903 ethicorum,
1069 846 1109 894 si
1133 854 1269 894 certa
1292 854 1342 893 et
1366 846 1702 895 demonstrata
1724 863 1841 895 con·
1911 892 1914 898 ,

465 921 681 968 tinerent
714 920 784 967 nil
815 919 1080 968 valebunt?
1151 921 1282 969 Quid
1319 921 1528 984 denique
1564 937 1723 970 causae
1760 937 1842 969 ex·

467 995 673 1058 cogitari
716 1003 896 1058 potest,
950 1011 1037 1042 cur
1079 995 1262 1058 scripta
1307 996 1502 1044 illorum
1557 996 1840 1054 scientifica,

465 1071 657 1127 horum,
681 1077 738 1117 ut
774 1070 845 1117 ita
887 1070 1060 1128 dicam,
1099 1071 1330 1118 verbifica
1366 1079 1560 1119 tantum
1598 1072 1711 1131 sint,
1747 1071 1844 1119 nisi

468 1145 601 1209 quod
623 1145 706 1191 illa
729 1161 758 1192 a
773 1145 1054 1204 scientibus,
1074 1145 1180 1192 haec
1200 1146 1260 1192 ab
1276 1146 1554 1195 hominibus
1570 1147 1844 1195 doctrinam

469 1370 641 1418 talium
663 1369 900 1417 librorum
923 1369 1197 1432 aliquorum
1220 1370 1367 1418 lectio
1386 1371 1742 1434 jucundissima
1764 1371 1843 1430 sit,

469 1461 570 1492 non
587 1444 896 1507 negaverim:
934 1451 1049 1491 sunt
1073 1445 1203 1492 enim
1226 1445 1625 1508 eloquentissimi,
1651 1453 1847 1494 senten·

470 1520 660 1582 tiasque
701 1519 880 1566 multas
919 1519 1174 1567 continent
1210 1520 1484 1569 luculentas
1521 1529 1572 1569 et
1612 1522 1845 1579 salubres,

467 1595 762 1656 minimeque
788 1594 1031 1656 vulgares,
1070 1594 1156 1641 sed
1180 1611 1287 1657 quae
1313 1597 1645 1658 pronuntiatae
1667 1597 1728 1644 ab
1752 1596 1863 1644 illisi

468 1668 822 1726 universaliter,
863 1685 963 1716 non
1000 1677 1165 1716 tamen
1188 1670 1474 1734 plerumque
1505 1672 1848 1720 universaliter

470 1760 597 1792 verae
613 1751 727 1791 sunt
744 1764 755 1798 ;
780 1743 910 1790 unde
930 1744 987 1790 fit
1000 1751 1057 1790 ut
1075 1745 1275 1791 mutatis
1297 1752 1590 1808 temporum,
1610 1746 1846 1806 locorum,

469 1835 789 1883 personarum
810 1818 1189 1866 circumstantiis
1212 1836 1313 1867 non
1335 1821 1497 1868 minus
1521 1837 1648 1885 saepe
1662 1822 1726 1869 ad
1744 1838 1848 1871 sce-

469 1895 737 1942 leratorum
772 1893 1086 1940 consiliorum
1124 1895 1562 1954 confirmationem,
1606 1912 1752 1959 quam
1785 1897 1850 1945 ad

469 1976 716 2032 praecepta
784 1967 1053 2015 officiorum
1125 1969 1441 2036 percipienda
1507 1970 1845 2019 adhibeantur.

473 2045 620 2093 Quod
674 2051 837 2091 autem
891 2044 1101 2091 maxime
1154 2044 1206 2091 in
1258 2045 1352 2092 illis
1403 2045 1722 2106 desideratur,
1773 2055 1848 2094 est
1906 2047 1908 2051 ’

471 2119 641 2182 regula
687 2118 936 2165 actionum
974 2127 1108 2166 certa
1152 2119 1283 2167 unde
1321 2120 1434 2167 sciri
1473 2121 1629 2184 possit
1660 2123 1847 2184 justum

471 2211 534 2242 an
571 2195 807 2257 injustum
840 2193 904 2241 sit
937 2194 1069 2257 quod
1104 2194 1282 2242 facturi
1307 2211 1486 2243 sumus.
1546 2197 1694 2245 Quod
1717 2198 1847 2245 enim
1912 2223 1921 2258 j

470 2271 522 2317 in
540 2284 832 2332 unaquaque
851 2284 904 2316 re
908 2268 1099 2331 facere
1109 2269 1290 2331 jubent
1308 2270 1366 2317 id
1380 2270 1516 2334 quod
1538 2278 1723 2319 rectum
1742 2279 1845 2327 est;
1910 2292 1916 2330 2

470 2352 734 2407 antequam
769 2343 894 2390 recti
939 2344 1110 2406 regula
1150 2344 1314 2407 aliqua
1358 2352 1408 2392 et
1448 2361 1676 2394 mensura
1711 2354 1848 2394 certa
1906 2344 1922 2404 ᾗ·

471 2418 741 2466 constituta
756 2418 819 2464 sit
843 2419 1009 2480 (quam
1026 2418 1264 2466 hactenus
1278 2435 1421 2466 nemo
1438 2420 1715 2483 constituit)
1738 2420 1846 2468 inu-

470 2493 556 2540 tile
581 2501 669 2540 est.
740 2492 985 2540 Quoniam
998 2492 1149 2555 igitur
1164 2493 1448 2552 officiorum,
1473 2494 1525 2541 id
1544 2503 1633 2554 est,
1648 2495 1845 2543 moralis
1914 2519 1915 2524 ¹

471 2567 687 2615 scientiae
744 2566 1103 2628 ignorationem
1158 2567 1286 2614 bella
1327 2568 1487 2616 civilia
1542 2578 1690 2633 atque
1731 2570 1845 2618 inde
1903 2575 1925 2634 2}ss

471 2642 773 2689 calamitates
809 2641 1030 2688 maximae
1068 2650 1449 2705 consequuntur,
1489 2645 1706 2707 ejusdem
1730 2661 1844 2708 cog·
1902 2642 1921 2710 3'7

471 2718 662 2775 nitioni,
680 2716 934 2765 commoda
951 2716 1027 2763 his
1048 2717 1294 2765 contraria
1311 2719 1486 2767 merito
1506 2720 1842 2768 attribuemus.
1899 2726 1924 2787 25.ss

471 2792 702 2840 Videmus
725 2792 891 2855 itaque
913 2791 1150 2839 universae
1180 2792 1500 2856 philosophiae
1527 2794 1603 2856 (ut
1633 2795 1841 2855 laudem,
1879 2823 1905 2861 'cr

1878 218 1882 224 ,
1908 210 1917 221 ι,

1877 235 1882 246 1
1895 223 1913 241 ⁸·ss

1873 247 1883 279 ’1
1895 239 1917 280 Β,

1867 432 1885 442 ”“
1904 437 1913 453 t

1887 457 1890 467 l

460 468 752 531 persuadere
766 476 1050 532 potuerunt,
1067 470 1226 518 officia
1240 487 1328 518 sua
1347 471 1502 518 eidem
1517 471 1837 530 multitudini,
1887 471 1909 533 -ᾎζ,

1885 526 1914 544 ¹„2

1880 1204 1901 1228 ἐι
1905 1209 1921 1221 ιο.

468 1237 615 1283 quam
628 1226 845 1267 tractant
867 1220 1223 1282 ignorantibus,
1245 1221 1552 1283 eloquentiae,
1568 1222 1647 1270 vel
1659 1221 1846 1285 ingenii

469 1295 544 1341 sui
586 1294 867 1341 ostentandi
913 1310 1060 1341 causa
1103 1295 1430 1357 prodierunt?
1500 1296 1634 1345 Quin
1679 1303 1846 1345 tamen
1896 1323 1915 1342 -,;

1896 670 1907 704 ν’
