1910 3256
10 2269 17 2279 v
15 2235 18 2242 ,.
17 2215 19 2218 Α
0 2099 22 2204 «QZ-,102

652 271 721 303 DE
749 270 1079 303 GRAvl'rATE.
1420 259 1517 311 417

131 379 524 443 gravitationem.
606 381 850 429 Caeterum
902 380 1035 444 quod
1082 381 1230 429 semel
1276 391 1515 442 movetur,

131 455 410 505 movebitur
453 457 531 518 (ut
562 465 814 504 ostensum
852 464 941 515 est,
975 456 1134 520 capite
1159 472 1282 505 vlu.
1308 466 1401 506 art.
1434 459 1512 520 19)

132 529 304 579 eadem
348 547 540 595 semper
579 533 660 580 via
705 540 756 580 et
801 532 971 581 eadem
1017 532 1280 589 eeleritate,
1325 534 1420 582 nisi
1454 535 1515 583 ab

131 614 339 655 externo
372 614 562 655 motore
596 609 873 656 retardetur
906 609 983 656 vel
1016 608 1331 656 acceleretur.
1418 610 1518 659 Aer

132 689 314 741 autem,
339 682 470 747 quod
501 683 656 730 solum
691 700 869 747 corpus
903 683 1234 747 interponitur
1261 684 1391 733 inter
1418 694 1518 734 ter-

133 772 239 805 ram
261 757 307 805 A
330 764 382 807 et
403 758 609 806 sublime
633 775 803 806 saxum
826 760 883 818 Ε,
907 775 995 822 per
1027 767 1184 807 totam
1208 767 1394 808 rectam
1418 761 1458 807 E
1474 766 1514 808 A

133 833 266 882 idem
282 833 404 881 facit
437 833 570 896 quod
592 834 643 882 in
667 835 736 890 E;
774 834 862 882 sed
884 835 935 882 in
971 835 1012 882 E
1045 835 1282 898 depressit
1317 852 1516 894 saxum;

134 908 375 973 deprimet
411 925 528 973 ergo
552 910 684 958 idem
717 911 864 958 etiam
898 911 950 958 in
987 911 1121 959 omni
1147 919 1333 975 puncto
1367 920 1518 961 rectae

134 984 251 1043 EA,
276 995 327 1032 et
350 985 632 1048 aequaliter3
668 1003 839 1034 saxum
862 1003 980 1050 ergo
1010 986 1262 1035 descendit
1297 988 1358 1035 ab
1386 988 1427 1035 E
1455 989 1519 1037 ad

133 1059 180 1108 A
201 1067 342 1111 motu
355 1061 642 1110 accelerato.
713 1062 872 1111 Causa
886 1079 1003 1126 ergo
1019 1063 1279 1111 descensus
1296 1065 1519 1127 gravium

135 1136 226 1184 sub
249 1143 499 1200 aequatore
522 1137 768 1201 possibilis
801 1146 874 1187 est
906 1147 1070 1187 motus
1106 1139 1293 1187 telluris
1328 1140 1518 1203 aliquis.

133 1211 318 1260 Eadem
341 1220 508 1260 autem
532 1214 625 1261 erit
643 1214 1011 1274 demonstratio,
1031 1215 1072 1262 si
1087 1222 1333 1263 statuatur
1351 1232 1522 1265 saxum

128 1287 188 1347 ‚in
209 1287 357 1352 plano
382 1289 596 1352 cujusvis
621 1289 791 1337 circuli
809 1291 1048 1353 aequatori
1062 1291 1296 1354 paralleli.
1355 1292 1522 1340 Motus

134 1371 315 1424 autem,
341 1373 438 1428 quo
462 1381 548 1412 aer
564 1382 594 1413 a
617 1374 749 1414 terra
771 1366 908 1429 rejici
930 1374 1110 1429 potest,
1134 1367 1295 1414 nullus
1318 1367 1369 1415 in
1392 1375 1524 1416 terra

135 1441 329 1504 concipi
346 1447 515 1504 -potest
536 1449 718 1505 praeter
739 1442 891 1501 illum,
926 1459 1071 1506 quem
1100 1443 1310 1506 explicui
1333 1451 1523 1491 motum

135 1516 425 1565 circularem
439 1517 725 1581 simplicem,
742 1533 837 1581 quo
853 1526 1076 1565 movetur
1090 1518 1238 1566 etiam
1251 1525 1395 1566 terrae
1410 1534 1524 1568 cen-

135 1602 284 1641 trum.
322 1593 452 1640 Nam
469 1601 630 1641 motus
646 1593 865 1657 corporis
885 1610 1031 1657 super
1049 1602 1268 1642 centrum
1287 1595 1362 1642 sui
1375 1595 1526 1659 ipsius

137 1669 309 1733 figurae
327 1685 428 1717 non
447 1676 653 1718 conatur
676 1669 740 1717 ad
760 1669 914 1717 ullum
936 1669 1100 1718 locum
1123 1677 1260 1718 extra
1283 1671 1508 1734 seipsum.

207 1750 253 1792 5.
290 1745 470 1804 Posita,
508 1761 655 1809 quam
679 1745 904 1802 diximus,
940 1745 1268 1794 descensionis
1302 1747 1525 1809 gravium

139 1837 302 1880 causa,
327 1829 560 1885 sequetur
583 1837 754 1869 eorum
776 1830 965 1870 motum
991 1838 1048 1869 eo
1072 1822 1220 1870 modo
1246 1823 1523 1882 accelerari,

138 1904 196 1946 ut
218 1897 390 1961 spatia,
428 1913 538 1961 quae
578 1898 880 1961 temporibus
918 1898 1120 1962 singulis
1154 1907 1524 1962 percurruntur,

139 1974 404 2037 iuratione
427 1974 531 2030 sint,
552 1974 724 2022 eadem
747 1975 799 2022 in
826 1991 922 2038 qua
945 1982 1059 2022 sunt
1081 1975 1273 2023 numeri
1297 1975 1526 2038 deinceps

139 2050 203 2099 ab
241 2049 432 2098 unitate
471 2049 698 2113 impares.
791 2050 920 2098 Nam
966 2050 1122 2099 divisa
1158 2057 1293 2098 recta
1330 2051 1370 2098 E
1386 2051 1431 2098 A
1475 2051 1527 2098 in

66 2184 69 2187 ,
139 2132 306 2189 partes
353 2132 668 2189 quotcunque
722 2127 949 2190 aequales,
1005 2142 1155 2190 grave
1213 2127 1526 2186 descendens,

140 2207 342 2265 propter
378 2208 566 2249 motum
601 2201 733 2250 hunc
770 2209 914 2250 terrae
950 2218 1199 2265 nunquam
1241 2210 1526 2262 cessantem,

141 2276 347 2340 singulis
369 2277 671 2341 temporibus
696 2278 747 2326 in
775 2278 977 2342 singulis
1010 2278 1205 2341 punctis
1239 2287 1388 2327 rectae
1410 2279 1452 2326 E
1466 2279 1527 2338 A,

141 2351 361 2416 singulos
384 2353 570 2416 patitur
603 2369 758 2402 novos
788 2353 1023 2416 impulsus
1058 2354 1120 2401 ab
1156 2370 1266 2402 aere
1301 2354 1526 2417 aequales.

141 2427 311 2476 Novos
335 2444 454 2492 ergo
479 2428 683 2492 singulis
707 2429 1007 2492 temporibus
1031 2429 1240 2492 acquirit
1264 2430 1527 2478 celeritatis

140 2503 323 2568 gradus
357 2504 583 2568 aequales.
655 2504 885 2568 Sequitur
923 2503 1053 2563 inde,
1090 2521 1149 2553 ex
1185 2505 1528 2554 demonstratis

141 2596 174 2629 a
194 2580 394 2629 Galilaeo
418 2581 471 2629 in
489 2581 695 2644 dialogis
716 2581 776 2628 de
795 2588 948 2639 motu,
966 2580 1260 2630 descendere
1278 2582 1447 2645 gravia
1470 2582 1528 2630 iis

140 2647 415 2720 Spatiorum
451 2657 653 2720 singulis
679 2657 980 2720 temporibus
1014 2673 1357 2720 percursorum
1392 2657 1529 2706 diffe-

142 2731 332 2792 rentiis,
357 2748 468 2796 quae
492 2740 606 2780 sunt
638 2732 925 2781 differentiae
959 2732 1298 2796 incipientium
1333 2734 1394 2781 ab
1420 2734 1530 2782 uni-

142 2814 245 2856 tate
279 2825 596 2858 numerorum
638 2809 1004 2872 quadratorum.
1077 2809 1331 2858 Quadrata
1366 2818 1529 2858 autem

144 2883 374 2948 deinceps
410 2885 472 2934 ab
510 2885 699 2934 unitate
737 2893 851 2933 sunt
890 2891 929 2943 l,
955 2891 1003 2942 4,
1022 2890 1069 2943 9,
1102 2891 1174 2944 16,
1212 2886 1325 2941 &c.;
1362 2901 1530 2933 eorum

278 2976 402 3009 voL.
430 2977 464 3009 1.
1315 2976 1345 3008 E
1364 2976 1395 3008 E

1573 389 1630 421 ΡΑ
1636 389 1684 420 Rs
1703 389 1760 422 lv,

1638 434 1688 464 30.

1577 480 1753 504 *ne—a

1543 1758 1582 1790 In
1597 1770 1658 1801 qua
1674 1761 1749 1791 rati-

1494 1824 1503 1833 .
1542 1813 1601 1834 one
1624 1803 1752 1835 descen-

1542 1857 1596 1877 sus
1606 1847 1753 1887 gravium

1542 1891 1744 1922 acceleratur.
