<?xml version="1.0" encoding="UTF-8"?>
<!DOCTYPE html PUBLIC "-//W3C//DTD XHTML 1.0 Transitional//EN"
    "http://www.w3.org/TR/xhtml1/DTD/xhtml1-transitional.dtd">
<html xmlns="http://www.w3.org/1999/xhtml" xml:lang="en" lang="en">
 <head>
  <title>
</title>
<meta http-equiv="Content-Type" content="text/html;charset=utf-8" />
  <meta name='ocr-system' content='tesseract 3.04.00' />
  <meta name='ocr-capabilities' content='ocr_page ocr_carea ocr_par ocr_line ocrx_word'/>
</head>
<body>
  <div class='ocr_page' id='page_1' title='image "./operaphilosophic01hobbuoft_0535.png"; bbox 0 0 1910 3256; ppageno 0'>
   <div class='ocr_carea' id='block_1_1' title="bbox 0 0 47 1616">
    <p class='ocr_par' dir='ltr' id='par_1_1' title="bbox 0 0 47 1616">
     <span class='ocr_line' id='line_1_1' title="bbox 0 0 47 1616; baseline 0 0"><span class='ocrx_word' id='word_1_1' title='bbox 0 0 47 1616; x_wconf 95' lang='lat' dir='ltr'> </span> 
     </span>
    </p>
   </div>
   <div class='ocr_carea' id='block_1_2' title="bbox 380 260 1516 315">
    <p class='ocr_par' dir='ltr' id='par_1_2' title="bbox 380 260 1516 315">
     <span class='ocr_line' id='line_1_2' title="bbox 380 260 1516 315; baseline -0.002 -11"><span class='ocrx_word' id='word_1_2' title='bbox 380 271 451 304; x_wconf 82' lang='lat' dir='ltr'>DE</span> <span class='ocrx_word' id='word_1_3' title='bbox 480 271 642 315; x_wconf 89' lang='lat' dir='ltr'>SONO,</span> <span class='ocrx_word' id='word_1_4' title='bbox 669 263 874 314; x_wconf 75' lang='lat' dir='ltr'>oDORE,</span> <span class='ocrx_word' id='word_1_5' title='bbox 902 269 1131 313; x_wconf 77' lang='lat' dir='ltr'>sAPoRE,</span> <span class='ocrx_word' id='word_1_6' title='bbox 1158 269 1274 302; x_wconf 74' lang='lat' dir='ltr'>mc,</span> <span class='ocrx_word' id='word_1_7' title='bbox 1424 260 1516 302; x_wconf 84' lang='lat'>411</span> 
     </span>
    </p>
   </div>
   <div class='ocr_carea' id='block_1_3' title="bbox 133 379 1829 1883">
    <p class='ocr_par' dir='ltr' id='par_1_3' title="bbox 133 379 1829 595">
     <span class='ocr_line' id='line_1_3' title="bbox 133 379 1770 460; baseline -0.001 -32"><span class='ocrx_word' id='word_1_8' title='bbox 133 379 249 428; x_wconf 88' lang='lat' dir='ltr'>solis</span> <span class='ocrx_word' id='word_1_9' title='bbox 273 380 490 429; x_wconf 82' lang='lat' dir='ltr'><strong>elevetur</strong></span> <span class='ocrx_word' id='word_1_10' title='bbox 523 382 666 429; x_wconf 81' lang='lat' dir='ltr'>simul</span> <span class='ocrx_word' id='word_1_11' title='bbox 703 398 816 429; x_wconf 92' lang='lat' dir='ltr'>cum</span> <span class='ocrx_word' id='word_1_12' title='bbox 842 380 1094 444; x_wconf 85' lang='lat' dir='ltr'>particulis</span> <span class='ocrx_word' id='word_1_13' title='bbox 1117 388 1264 427; x_wconf 90' lang='lat' dir='ltr'>terrae</span> <span class='ocrx_word' id='word_1_14' title='bbox 1299 379 1351 427; x_wconf 91' lang='lat' dir='ltr'>in</span> <span class='ocrx_word' id='word_1_15' title='bbox 1383 380 1524 443; x_wconf 91' lang='lat' dir='ltr'>plan-</span> <span class='ocrx_word' id='word_1_16' title='bbox 1574 384 1693 460; x_wconf 59' lang='lat' dir='ltr'>PA1{{</span> <span class='ocrx_word' id='word_1_17' title='bbox 1711 383 1770 416; x_wconf 78' lang='lat' dir='ltr'>IV-</span> 
     </span>
     <span class='ocr_line' id='line_1_4' title="bbox 133 450 1829 520; baseline -0.002 -16"><span class='ocrx_word' id='word_1_18' title='bbox 133 462 252 514; x_wconf 83' lang='lat' dir='ltr'>tam,</span> <span class='ocrx_word' id='word_1_19' title='bbox 278 457 496 505; x_wconf 87' lang='lat' dir='ltr'>exudans</span> <span class='ocrx_word' id='word_1_20' title='bbox 517 465 691 520; x_wconf 89' lang='lat' dir='ltr'>postea</span> <span class='ocrx_word' id='word_1_21' title='bbox 714 457 807 504; x_wconf 91' lang='lat' dir='ltr'>erit</span> <span class='ocrx_word' id='word_1_22' title='bbox 830 456 1052 512; x_wconf 88' lang='lat' dir='ltr'>odorata,</span> <span class='ocrx_word' id='word_1_23' title='bbox 1075 462 1130 503; x_wconf 90' lang='lat' dir='ltr'>ut</span> <span class='ocrx_word' id='word_1_24' title='bbox 1166 470 1193 503; x_wconf 90' lang='lat' dir='ltr'>e</span> <span class='ocrx_word' id='word_1_25' title='bbox 1215 454 1315 502; x_wconf 90' lang='lat' dir='ltr'>vite</span> <span class='ocrx_word' id='word_1_26' title='bbox 1337 455 1523 503; x_wconf 88' lang='lat' dir='ltr'>vinum.</span> <span class='ocrx_word' id='word_1_27' title='bbox 1581 450 1770 499; x_wconf 40' lang='grc' dir='ltr'>»ὴὲ-κ</span> <span class='ocrx_word' id='word_1_28' title='bbox 1821 463 1829 481; x_wconf 73' lang='grc'><em>“</em></span> 
     </span>
     <span class='ocr_line' id='line_1_5' title="bbox 137 531 1527 595; baseline -0.001 -15"><span class='ocrx_word' id='word_1_29' title='bbox 137 531 207 580; x_wconf 85' lang='lat' dir='ltr'>Ut</span> <span class='ocrx_word' id='word_1_30' title='bbox 229 539 395 580; x_wconf 88' lang='lat' dir='ltr'>autem</span> <span class='ocrx_word' id='word_1_31' title='bbox 418 548 479 580; x_wconf 91' lang='lat' dir='ltr'>ex</span> <span class='ocrx_word' id='word_1_32' title='bbox 502 548 630 595; x_wconf 91' lang='lat' dir='ltr'>aqua</span> <span class='ocrx_word' id='word_1_33' title='bbox 651 548 740 595; x_wconf 91' lang='lat' dir='ltr'>per</span> <span class='ocrx_word' id='word_1_34' title='bbox 763 532 954 595; x_wconf 84' lang='lat' dir='ltr'>plantas</span> <span class='ocrx_word' id='word_1_35' title='bbox 972 538 1259 579; x_wconf 84' lang='lat' dir='ltr'>transeunte</span> <span class='ocrx_word' id='word_1_36' title='bbox 1282 531 1339 578; x_wconf 91' lang='lat' dir='ltr'>fit</span> <span class='ocrx_word' id='word_1_37' title='bbox 1364 531 1527 594; x_wconf 91' lang='lat' dir='ltr'>liquor</span> 
     </span>
    </p>

    <p class='ocr_par' dir='ltr' id='par_1_4' title="bbox 134 605 1527 671">
     <span class='ocr_line' id='line_1_6' title="bbox 134 605 1527 671; baseline -0.001 -15"><span class='ocrx_word' id='word_1_38' title='bbox 134 607 370 656; x_wconf 87' lang='lat' dir='ltr'>odoratus</span> <span class='ocrx_word' id='word_1_39' title='bbox 393 624 424 656; x_wconf 88' lang='lat' dir='ltr'>a</span> <span class='ocrx_word' id='word_1_40' title='bbox 445 616 584 655; x_wconf 93' lang='lat' dir='ltr'>motu</span> <span class='ocrx_word' id='word_1_41' title='bbox 605 608 819 670; x_wconf 88' lang='lat' dir='ltr'>partium</span> <span class='ocrx_word' id='word_1_42' title='bbox 842 607 1040 671; x_wconf 85' lang='lat' dir='ltr'>plantae,</span> <span class='ocrx_word' id='word_1_43' title='bbox 1064 606 1134 653; x_wconf 90' lang='lat' dir='ltr'>ita</span> <span class='ocrx_word' id='word_1_44' title='bbox 1162 605 1312 653; x_wconf 92' lang='lat' dir='ltr'>etiam</span> <span class='ocrx_word' id='word_1_45' title='bbox 1336 622 1397 653; x_wconf 88' lang='lat' dir='ltr'>ex</span> <span class='ocrx_word' id='word_1_46' title='bbox 1416 622 1527 654; x_wconf 90' lang='lat' dir='ltr'>aere</span> 
     </span>
    </p>

    <p class='ocr_par' dir='ltr' id='par_1_5' title="bbox 133 682 1526 747">
     <span class='ocr_line' id='line_1_7' title="bbox 133 682 1526 747; baseline -0.001 -16"><span class='ocrx_word' id='word_1_47' title='bbox 133 699 224 747; x_wconf 90' lang='lat' dir='ltr'>per</span> <span class='ocrx_word' id='word_1_48' title='bbox 256 683 453 731; x_wconf 89' lang='lat' dir='ltr'>easdem</span> <span class='ocrx_word' id='word_1_49' title='bbox 486 683 696 746; x_wconf 87' lang='lat' dir='ltr'>plantas,</span> <span class='ocrx_word' id='word_1_50' title='bbox 723 683 840 730; x_wconf 91' lang='lat' dir='ltr'>dum</span> <span class='ocrx_word' id='word_1_51' title='bbox 870 688 1185 746; x_wconf 82' lang='lat' dir='ltr'>generantur,</span> <span class='ocrx_word' id='word_1_52' title='bbox 1209 682 1526 744; x_wconf 85' lang='lat' dir='ltr'>pervadente,</span> 
     </span>
    </p>

    <p class='ocr_par' dir='ltr' id='par_1_6' title="bbox 133 757 1529 898">
     <span class='ocr_line' id='line_1_8' title="bbox 133 757 1529 821; baseline -0.001 -14"><span class='ocrx_word' id='word_1_53' title='bbox 133 759 261 807; x_wconf 89' lang='lat' dir='ltr'>fiunt</span> <span class='ocrx_word' id='word_1_54' title='bbox 284 758 503 807; x_wconf 89' lang='lat' dir='ltr'>odoratae</span> <span class='ocrx_word' id='word_1_55' title='bbox 527 775 675 806; x_wconf 88' lang='lat' dir='ltr'>aurae.</span> <span class='ocrx_word' id='word_1_56' title='bbox 749 759 1081 821; x_wconf 86' lang='lat' dir='ltr'>Similiterque</span> <span class='ocrx_word' id='word_1_57' title='bbox 1101 757 1347 820; x_wconf 89' lang='lat' dir='ltr'>contingit</span> <span class='ocrx_word' id='word_1_58' title='bbox 1371 759 1529 806; x_wconf 89' lang='lat' dir='ltr'>succis</span> 
     </span>
     <span class='ocr_line' id='line_1_9' title="bbox 134 826 1112 898; baseline -0.002 -15"><span class='ocrx_word' id='word_1_59' title='bbox 134 826 486 898; x_wconf 86' lang='lat' dir='ltr'>spiritibusque</span> <span class='ocrx_word' id='word_1_60' title='bbox 511 834 796 882; x_wconf 89' lang='lat' dir='ltr'>animalium</span> <span class='ocrx_word' id='word_1_61' title='bbox 821 833 1112 897; x_wconf 85' lang='lat' dir='ltr'>congenitis.</span> 
     </span>
    </p>

    <p class='ocr_par' dir='ltr' id='par_1_7' title="bbox 134 909 1779 1732">
     <span class='ocr_line' id='line_1_10' title="bbox 207 909 1765 973; baseline -0.002 -15"><span class='ocrx_word' id='word_1_62' title='bbox 207 915 281 958; x_wconf 91' lang='lat'>16.</span> <span class='ocrx_word' id='word_1_63' title='bbox 318 910 540 958; x_wconf 90' lang='lat' dir='ltr'>Odorata</span> <span class='ocrx_word' id='word_1_64' title='bbox 577 926 607 957; x_wconf 89' lang='lat' dir='ltr'>a</span> <span class='ocrx_word' id='word_1_65' title='bbox 636 910 852 958; x_wconf 90' lang='lat' dir='ltr'>contritu</span> <span class='ocrx_word' id='word_1_66' title='bbox 876 909 1156 957; x_wconf 88' lang='lat' dir='ltr'>odoratiora</span> <span class='ocrx_word' id='word_1_67' title='bbox 1178 909 1285 956; x_wconf 90' lang='lat' dir='ltr'>fieri</span> <span class='ocrx_word' id='word_1_68' title='bbox 1308 916 1529 972; x_wconf 88' lang='lat' dir='ltr'>possunt,</span> <span class='ocrx_word' id='word_1_69' title='bbox 1551 924 1660 957; x_wconf 76' lang='lat' dir='ltr'>Quare</span> <span class='ocrx_word' id='word_1_70' title='bbox 1689 924 1765 973; x_wconf 68' lang='lat' dir='ltr'>odp-</span> 
     </span>
     <span class='ocr_line' id='line_1_11' title="bbox 134 972 1779 1053; baseline -0.001 -19"><span class='ocrx_word' id='word_1_71' title='bbox 134 986 197 1034; x_wconf 82' lang='lat' dir='ltr'>ab</span> <span class='ocrx_word' id='word_1_72' title='bbox 221 1001 280 1034; x_wconf 89' lang='lat' dir='ltr'>eo</span> <span class='ocrx_word' id='word_1_73' title='bbox 304 986 454 1049; x_wconf 89' lang='lat' dir='ltr'>quod,</span> <span class='ocrx_word' id='word_1_74' title='bbox 481 1002 592 1033; x_wconf 92' lang='lat' dir='ltr'>cum</span> <span class='ocrx_word' id='word_1_75' title='bbox 616 986 668 1034; x_wconf 90' lang='lat' dir='ltr'>in</span> <span class='ocrx_word' id='word_1_76' title='bbox 691 993 856 1049; x_wconf 87' lang='lat' dir='ltr'>partes</span> <span class='ocrx_word' id='word_1_77' title='bbox 885 985 1066 1033; x_wconf 87' lang='lat' dir='ltr'>multas</span> <span class='ocrx_word' id='word_1_78' title='bbox 1099 985 1328 1033; x_wconf 91' lang='lat' dir='ltr'>odoratas</span> <span class='ocrx_word' id='word_1_79' title='bbox 1363 993 1532 1033; x_wconf 90' lang='lat' dir='ltr'>conte-</span> <span class='ocrx_word' id='word_1_80' title='bbox 1549 972 1779 1053; x_wconf 57' lang='grc' dir='ltr'>Ξξὲῑξοξῖἓζῗ,</span> 
     </span>
     <span class='ocr_line' id='line_1_12' title="bbox 134 1061 1534 1125; baseline -0.001 -16"><span class='ocrx_word' id='word_1_81' title='bbox 134 1068 323 1120; x_wconf 86' lang='lat' dir='ltr'>rantur,</span> <span class='ocrx_word' id='word_1_82' title='bbox 347 1062 404 1109; x_wconf 90' lang='lat' dir='ltr'>fit</span> <span class='ocrx_word' id='word_1_83' title='bbox 439 1069 495 1109; x_wconf 94' lang='lat' dir='ltr'>ut</span> <span class='ocrx_word' id='word_1_84' title='bbox 533 1077 632 1120; x_wconf 90' lang='lat' dir='ltr'>aer,</span> <span class='ocrx_word' id='word_1_85' title='bbox 659 1061 742 1124; x_wconf 92' lang='lat' dir='ltr'>qui</span> <span class='ocrx_word' id='word_1_86' title='bbox 779 1062 839 1109; x_wconf 88' lang='lat' dir='ltr'>ab</span> <span class='ocrx_word' id='word_1_87' title='bbox 869 1061 1065 1124; x_wconf 88' lang='lat' dir='ltr'>objecto</span> <span class='ocrx_word' id='word_1_88' title='bbox 1089 1077 1256 1108; x_wconf 89' lang='lat' dir='ltr'>versus</span> <span class='ocrx_word' id='word_1_89' title='bbox 1293 1076 1534 1125; x_wconf 90' lang='lat' dir='ltr'>organum</span> 
     </span>
     <span class='ocr_line' id='line_1_13' title="bbox 135 1137 1532 1202; baseline -0.001 -16"><span class='ocrx_word' id='word_1_90' title='bbox 135 1137 350 1186; x_wconf 88' lang='lat' dir='ltr'>trahitur</span> <span class='ocrx_word' id='word_1_91' title='bbox 372 1154 461 1201; x_wconf 91' lang='lat' dir='ltr'>per</span> <span class='ocrx_word' id='word_1_92' title='bbox 484 1138 876 1202; x_wconf 90' lang='lat' dir='ltr'>respirationem,</span> <span class='ocrx_word' id='word_1_93' title='bbox 911 1137 1090 1185; x_wconf 89' lang='lat' dir='ltr'>transit</span> <span class='ocrx_word' id='word_1_94' title='bbox 1117 1153 1206 1201; x_wconf 89' lang='lat' dir='ltr'>per</span> <span class='ocrx_word' id='word_1_95' title='bbox 1237 1153 1318 1186; x_wconf 90' lang='lat' dir='ltr'>eas</span> <span class='ocrx_word' id='word_1_96' title='bbox 1351 1144 1532 1200; x_wconf 89' lang='lat' dir='ltr'>partes,</span> 
     </span>
     <span class='ocr_line' id='line_1_14' title="bbox 135 1213 1533 1278; baseline -0.001 -16"><span class='ocrx_word' id='word_1_97' title='bbox 135 1214 352 1278; x_wconf 86' lang='lat' dir='ltr'>singulas</span> <span class='ocrx_word' id='word_1_98' title='bbox 374 1214 610 1272; x_wconf 91' lang='lat' dir='ltr'>lambens,</span> <span class='ocrx_word' id='word_1_99' title='bbox 631 1221 680 1261; x_wconf 90' lang='lat' dir='ltr'>et</span> <span class='ocrx_word' id='word_1_100' title='bbox 700 1229 868 1261; x_wconf 90' lang='lat' dir='ltr'>earum</span> <span class='ocrx_word' id='word_1_101' title='bbox 890 1221 1082 1261; x_wconf 92' lang='lat' dir='ltr'>motum</span> <span class='ocrx_word' id='word_1_102' title='bbox 1105 1214 1280 1277; x_wconf 91' lang='lat' dir='ltr'>recipit</span> <span class='ocrx_word' id='word_1_103' title='bbox 1298 1235 1310 1269; x_wconf 91' lang='lat'>;</span> <span class='ocrx_word' id='word_1_104' title='bbox 1336 1213 1533 1276; x_wconf 90' lang='lat' dir='ltr'>quando</span> 
     </span>
     <span class='ocr_line' id='line_1_15' title="bbox 135 1289 1533 1353; baseline -0.001 -15"><span class='ocrx_word' id='word_1_105' title='bbox 135 1305 254 1338; x_wconf 90' lang='lat' dir='ltr'>vero</span> <span class='ocrx_word' id='word_1_106' title='bbox 294 1289 517 1338; x_wconf 91' lang='lat' dir='ltr'>nondum</span> <span class='ocrx_word' id='word_1_107' title='bbox 558 1289 827 1338; x_wconf 89' lang='lat' dir='ltr'>contritum</span> <span class='ocrx_word' id='word_1_108' title='bbox 864 1296 952 1348; x_wconf 90' lang='lat' dir='ltr'>est,</span> <span class='ocrx_word' id='word_1_109' title='bbox 994 1289 1167 1337; x_wconf 89' lang='lat' dir='ltr'>lambit</span> <span class='ocrx_word' id='word_1_110' title='bbox 1207 1305 1292 1337; x_wconf 89' lang='lat' dir='ltr'>aer</span> <span class='ocrx_word' id='word_1_111' title='bbox 1325 1290 1533 1353; x_wconf 88' lang='lat' dir='ltr'>integrae</span> 
     </span>
     <span class='ocr_line' id='line_1_16' title="bbox 136 1364 1534 1430; baseline -0.001 -17"><span class='ocrx_word' id='word_1_112' title='bbox 136 1365 336 1430; x_wconf 85' lang='lat' dir='ltr'>quidem</span> <span class='ocrx_word' id='word_1_113' title='bbox 368 1365 510 1413; x_wconf 87' lang='lat' dir='ltr'>molis</span> <span class='ocrx_word' id='word_1_114' title='bbox 542 1364 868 1428; x_wconf 88' lang='lat' dir='ltr'>superficiem,</span> <span class='ocrx_word' id='word_1_115' title='bbox 893 1364 980 1412; x_wconf 88' lang='lat' dir='ltr'>sed</span> <span class='ocrx_word' id='word_1_116' title='bbox 1004 1380 1062 1412; x_wconf 87' lang='lat' dir='ltr'>ea</span> <span class='ocrx_word' id='word_1_117' title='bbox 1084 1365 1240 1413; x_wconf 90' lang='lat' dir='ltr'>multo</span> <span class='ocrx_word' id='word_1_118' title='bbox 1264 1365 1425 1412; x_wconf 91' lang='lat' dir='ltr'>minor</span> <span class='ocrx_word' id='word_1_119' title='bbox 1460 1373 1534 1412; x_wconf 90' lang='lat' dir='ltr'>est</span> 
     </span>
     <span class='ocr_line' id='line_1_17' title="bbox 136 1440 1535 1506; baseline -0.001 -17"><span class='ocrx_word' id='word_1_120' title='bbox 136 1441 486 1506; x_wconf 88' lang='lat' dir='ltr'>superficiebus</span> <span class='ocrx_word' id='word_1_121' title='bbox 518 1440 663 1488; x_wconf 92' lang='lat' dir='ltr'>simul</span> <span class='ocrx_word' id='word_1_122' title='bbox 697 1440 923 1488; x_wconf 89' lang='lat' dir='ltr'>omnibus</span> <span class='ocrx_word' id='word_1_123' title='bbox 953 1441 1186 1503; x_wconf 91' lang='lat' dir='ltr'>partium,</span> <span class='ocrx_word' id='word_1_124' title='bbox 1219 1456 1327 1504; x_wconf 90' lang='lat' dir='ltr'>quae</span> <span class='ocrx_word' id='word_1_125' title='bbox 1350 1441 1535 1488; x_wconf 90' lang='lat' dir='ltr'>fiebant</span> 
     </span>
     <span class='ocr_line' id='line_1_18' title="bbox 136 1516 1534 1580; baseline -0.001 -14"><span class='ocrx_word' id='word_1_126' title='bbox 136 1534 168 1566; x_wconf 91' lang='lat' dir='ltr'>a</span> <span class='ocrx_word' id='word_1_127' title='bbox 199 1517 443 1572; x_wconf 82' lang='lat' dir='ltr'>contritu3</span> <span class='ocrx_word' id='word_1_128' title='bbox 481 1523 531 1565; x_wconf 92' lang='lat' dir='ltr'>et</span> <span class='ocrx_word' id='word_1_129' title='bbox 566 1516 774 1580; x_wconf 91' lang='lat' dir='ltr'>proinde</span> <span class='ocrx_word' id='word_1_130' title='bbox 802 1516 933 1564; x_wconf 93' lang='lat' dir='ltr'>idem</span> <span class='ocrx_word' id='word_1_131' title='bbox 958 1516 1223 1565; x_wconf 90' lang='lat' dir='ltr'>odoratum</span> <span class='ocrx_word' id='word_1_132' title='bbox 1249 1517 1534 1565; x_wconf 88' lang='lat' dir='ltr'>debiliorem</span> 
     </span>
     <span class='ocr_line' id='line_1_19' title="bbox 136 1591 1531 1655; baseline 0 -15"><span class='ocrx_word' id='word_1_133' title='bbox 136 1592 340 1640; x_wconf 90' lang='lat' dir='ltr'>odorem</span> <span class='ocrx_word' id='word_1_134' title='bbox 376 1592 497 1640; x_wconf 84' lang='lat' dir='ltr'>facit</span> <span class='ocrx_word' id='word_1_135' title='bbox 532 1591 797 1655; x_wconf 88' lang='lat' dir='ltr'>integrum,</span> <span class='ocrx_word' id='word_1_136' title='bbox 836 1607 984 1654; x_wconf 91' lang='lat' dir='ltr'>quam</span> <span class='ocrx_word' id='word_1_137' title='bbox 1023 1592 1397 1640; x_wconf 90' lang='lat' dir='ltr'>comminutum.</span> <span class='ocrx_word' id='word_1_138' title='bbox 1467 1593 1531 1640; x_wconf 91' lang='lat' dir='ltr'>Et</span> 
     </span>
     <span class='ocr_line' id='line_1_20' title="bbox 139 1667 960 1732; baseline -0.004 -15"><span class='ocrx_word' id='word_1_139' title='bbox 139 1669 200 1717; x_wconf 90' lang='lat' dir='ltr'>de</span> <span class='ocrx_word' id='word_1_140' title='bbox 225 1669 375 1717; x_wconf 89' lang='lat' dir='ltr'>odore</span> <span class='ocrx_word' id='word_1_141' title='bbox 399 1667 598 1732; x_wconf 90' lang='lat' dir='ltr'>quidem</span> <span class='ocrx_word' id='word_1_142' title='bbox 620 1674 814 1715; x_wconf 89' lang='lat' dir='ltr'>tantum</span> <span class='ocrx_word' id='word_1_143' title='bbox 838 1675 960 1715; x_wconf 91' lang='lat' dir='ltr'>esto.</span> 
     </span>
    </p>

    <p class='ocr_par' dir='ltr' id='par_1_8' title="bbox 138 1744 1797 1883">
     <span class='ocr_line' id='line_1_21' title="bbox 212 1744 1722 1809; baseline -0.002 -17"><span class='ocrx_word' id='word_1_144' title='bbox 212 1747 285 1799; x_wconf 92' lang='lat'>17.</span> <span class='ocrx_word' id='word_1_145' title='bbox 324 1744 557 1807; x_wconf 85' lang='lat' dir='ltr'>Sequitur</span> <span class='ocrx_word' id='word_1_146' title='bbox 591 1750 778 1807; x_wconf 87' lang='lat' dir='ltr'>gustus,</span> <span class='ocrx_word' id='word_1_147' title='bbox 816 1744 954 1806; x_wconf 87' lang='lat' dir='ltr'>cujus</span> <span class='ocrx_word' id='word_1_148' title='bbox 983 1745 1237 1807; x_wconf 90' lang='lat' dir='ltr'>generatio</span> <span class='ocrx_word' id='word_1_149' title='bbox 1268 1761 1298 1792; x_wconf 89' lang='lat' dir='ltr'>a</span> <span class='ocrx_word' id='word_1_150' title='bbox 1331 1760 1535 1808; x_wconf 85' lang='lat' dir='ltr'>genera-</span> <span class='ocrx_word' id='word_1_151' title='bbox 1555 1759 1722 1809; x_wconf 54' lang='lat' dir='ltr'>Organmp</span> 
     </span>
     <span class='ocr_line' id='line_1_22' title="bbox 138 1803 1797 1883; baseline -0.001 -15"><span class='ocrx_word' id='word_1_152' title='bbox 138 1820 275 1868; x_wconf 90' lang='lat' dir='ltr'>tione</span> <span class='ocrx_word' id='word_1_153' title='bbox 297 1820 445 1878; x_wconf 89' lang='lat' dir='ltr'>visus,</span> <span class='ocrx_word' id='word_1_154' title='bbox 470 1818 681 1878; x_wconf 90' lang='lat' dir='ltr'>auditus,</span> <span class='ocrx_word' id='word_1_155' title='bbox 707 1826 757 1867; x_wconf 88' lang='lat' dir='ltr'>et</span> <span class='ocrx_word' id='word_1_156' title='bbox 780 1818 1003 1877; x_wconf 88' lang='lat' dir='ltr'>olfactus,</span> <span class='ocrx_word' id='word_1_157' title='bbox 1041 1819 1092 1866; x_wconf 91' lang='lat' dir='ltr'>in</span> <span class='ocrx_word' id='word_1_158' title='bbox 1117 1836 1175 1867; x_wconf 92' lang='lat' dir='ltr'>eo</span> <span class='ocrx_word' id='word_1_159' title='bbox 1201 1819 1378 1876; x_wconf 89' lang='lat' dir='ltr'>differt,</span> <span class='ocrx_word' id='word_1_160' title='bbox 1404 1819 1537 1883; x_wconf 94' lang='lat' dir='ltr'>quod</span> <span class='ocrx_word' id='word_1_161' title='bbox 1554 1804 1713 1843; x_wconf 83' lang='lat' dir='ltr'>gustand1.</span> <span class='ocrx_word' id='word_1_162' title='bbox 1751 1803 1797 1834; x_wconf 61' lang='lat' dir='ltr'>Et</span> 
     </span>
    </p>
   </div>
   <div class='ocr_carea' id='block_1_4' title="bbox 1555 1857 1776 1888">
    <p class='ocr_par' dir='ltr' id='par_1_9' title="bbox 1555 1857 1776 1888">
     <span class='ocr_line' id='line_1_23' title="bbox 1555 1857 1776 1888; baseline 0 -11"><span class='ocrx_word' id='word_1_163' title='bbox 1555 1857 1612 1877; x_wconf 90' lang='lat' dir='ltr'>cur</span> <span class='ocrx_word' id='word_1_164' title='bbox 1649 1857 1776 1888; x_wconf 74' lang='lat' dir='ltr'>sapores</span> 
     </span>
    </p>
   </div>
   <div class='ocr_carea' id='block_1_5' title="bbox 138 1890 1795 2868">
    <p class='ocr_par' dir='ltr' id='par_1_10' title="bbox 138 1890 1795 2628">
     <span class='ocr_line' id='line_1_24' title="bbox 138 1890 1795 1965; baseline -0.001 -21"><span class='ocrx_word' id='word_1_165' title='bbox 138 1896 191 1944; x_wconf 92' lang='lat' dir='ltr'>in</span> <span class='ocrx_word' id='word_1_166' title='bbox 236 1895 332 1943; x_wconf 91' lang='lat' dir='ltr'>illis</span> <span class='ocrx_word' id='word_1_167' title='bbox 369 1894 550 1958; x_wconf 89' lang='lat' dir='ltr'>objecti</span> <span class='ocrx_word' id='word_1_168' title='bbox 586 1894 764 1942; x_wconf 91' lang='lat' dir='ltr'>remoti</span> <span class='ocrx_word' id='word_1_169' title='bbox 801 1894 961 1942; x_wconf 90' lang='lat' dir='ltr'>sensio</span> <span class='ocrx_word' id='word_1_170' title='bbox 1000 1902 1106 1950; x_wconf 83' lang='lat' dir='ltr'>est3</span> <span class='ocrx_word' id='word_1_171' title='bbox 1157 1896 1208 1942; x_wconf 91' lang='lat' dir='ltr'>in</span> <span class='ocrx_word' id='word_1_172' title='bbox 1242 1903 1407 1959; x_wconf 88' lang='lat' dir='ltr'>gustu,</span> <span class='ocrx_word' id='word_1_173' title='bbox 1443 1895 1536 1943; x_wconf 89' lang='lat' dir='ltr'>nisi</span> <span class='ocrx_word' id='word_1_174' title='bbox 1555 1890 1795 1965; x_wconf 46' lang='lat' dir='ltr'>gssffissaeffii.</span> 
     </span>
     <span class='ocr_line' id='line_1_25' title="bbox 139 1971 1535 2035; baseline -0.001 -14"><span class='ocrx_word' id='word_1_175' title='bbox 139 1971 375 2035; x_wconf 87' lang='lat' dir='ltr'>contigui,</span> <span class='ocrx_word' id='word_1_176' title='bbox 409 1987 509 2019; x_wconf 92' lang='lat' dir='ltr'>non</span> <span class='ocrx_word' id='word_1_177' title='bbox 532 1978 622 2030; x_wconf 90' lang='lat' dir='ltr'>est,</span> <span class='ocrx_word' id='word_1_178' title='bbox 647 1986 807 2034; x_wconf 88' lang='lat' dir='ltr'>neque</span> <span class='ocrx_word' id='word_1_179' title='bbox 838 1977 1091 2034; x_wconf 85' lang='lat' dir='ltr'>gustamus</span> <span class='ocrx_word' id='word_1_180' title='bbox 1118 1971 1379 2035; x_wconf 90' lang='lat' dir='ltr'>quicquam</span> <span class='ocrx_word' id='word_1_181' title='bbox 1405 1971 1535 2034; x_wconf 92' lang='lat' dir='ltr'>quod</span> 
     </span>
     <span class='ocr_line' id='line_1_26' title="bbox 139 2045 1538 2110; baseline -0.001 -14"><span class='ocrx_word' id='word_1_182' title='bbox 139 2063 241 2096; x_wconf 92' lang='lat' dir='ltr'>non</span> <span class='ocrx_word' id='word_1_183' title='bbox 262 2047 342 2095; x_wconf 88' lang='lat' dir='ltr'>vel</span> <span class='ocrx_word' id='word_1_184' title='bbox 364 2046 584 2110; x_wconf 87' lang='lat' dir='ltr'>linguam</span> <span class='ocrx_word' id='word_1_185' title='bbox 606 2046 685 2094; x_wconf 89' lang='lat' dir='ltr'>vel</span> <span class='ocrx_word' id='word_1_186' title='bbox 708 2045 942 2109; x_wconf 85' lang='lat' dir='ltr'>palatum,</span> <span class='ocrx_word' id='word_1_187' title='bbox 969 2046 1047 2093; x_wconf 89' lang='lat' dir='ltr'>vel</span> <span class='ocrx_word' id='word_1_188' title='bbox 1072 2054 1352 2110; x_wconf 87' lang='lat' dir='ltr'>utrumque,</span> <span class='ocrx_word' id='word_1_189' title='bbox 1368 2047 1538 2095; x_wconf 91' lang='lat' dir='ltr'>imme-</span> 
     </span>
     <span class='ocr_line' id='line_1_27' title="bbox 141 2121 1537 2186; baseline -0.001 -15"><span class='ocrx_word' id='word_1_190' title='bbox 141 2123 276 2171; x_wconf 88' lang='lat' dir='ltr'>diate</span> <span class='ocrx_word' id='word_1_191' title='bbox 298 2129 486 2186; x_wconf 88' lang='lat' dir='ltr'>tangat.</span> <span class='ocrx_word' id='word_1_192' title='bbox 556 2123 631 2170; x_wconf 89' lang='lat' dir='ltr'>Ex</span> <span class='ocrx_word' id='word_1_193' title='bbox 657 2138 754 2185; x_wconf 92' lang='lat' dir='ltr'>quo</span> <span class='ocrx_word' id='word_1_194' title='bbox 779 2121 1085 2185; x_wconf 88' lang='lat' dir='ltr'>intelligitur,</span> <span class='ocrx_word' id='word_1_195' title='bbox 1105 2122 1287 2186; x_wconf 87' lang='lat' dir='ltr'>linguae</span> <span class='ocrx_word' id='word_1_196' title='bbox 1311 2131 1362 2170; x_wconf 90' lang='lat' dir='ltr'>et</span> <span class='ocrx_word' id='word_1_197' title='bbox 1385 2123 1537 2186; x_wconf 90' lang='lat' dir='ltr'>palati</span> 
     </span>
     <span class='ocr_line' id='line_1_28' title="bbox 142 2198 1536 2262; baseline -0.001 -15"><span class='ocrx_word' id='word_1_198' title='bbox 142 2199 382 2248; x_wconf 87' lang='lat' dir='ltr'>cuticulas</span> <span class='ocrx_word' id='word_1_199' title='bbox 426 2198 640 2262; x_wconf 90' lang='lat' dir='ltr'>ipsisque</span> <span class='ocrx_word' id='word_1_200' title='bbox 687 2198 895 2245; x_wconf 89' lang='lat' dir='ltr'>insertos</span> <span class='ocrx_word' id='word_1_201' title='bbox 940 2212 1117 2245; x_wconf 89' lang='lat' dir='ltr'>nervos</span> <span class='ocrx_word' id='word_1_202' title='bbox 1157 2214 1393 2261; x_wconf 88' lang='lat' dir='ltr'>organum</span> <span class='ocrx_word' id='word_1_203' title='bbox 1432 2214 1536 2247; x_wconf 90' lang='lat' dir='ltr'>esse</span> 
     </span>
     <span class='ocr_line' id='line_1_29' title="bbox 141 2272 1537 2340; baseline -0.001 -16"><span class='ocrx_word' id='word_1_204' title='bbox 141 2274 373 2340; x_wconf 82' lang='lat' dir='ltr'>gustandi</span> <span class='ocrx_word' id='word_1_205' title='bbox 411 2274 655 2338; x_wconf 91' lang='lat' dir='ltr'>primum;</span> <span class='ocrx_word' id='word_1_206' title='bbox 700 2280 750 2321; x_wconf 92' lang='lat' dir='ltr'>et</span> <span class='ocrx_word' id='word_1_207' title='bbox 791 2272 920 2336; x_wconf 85' lang='lat' dir='ltr'>quia,</span> <span class='ocrx_word' id='word_1_208' title='bbox 952 2272 1173 2335; x_wconf 90' lang='lat' dir='ltr'>partibus</span> <span class='ocrx_word' id='word_1_209' title='bbox 1207 2273 1384 2321; x_wconf 90' lang='lat' dir='ltr'>horum</span> <span class='ocrx_word' id='word_1_210' title='bbox 1419 2290 1537 2322; x_wconf 91' lang='lat' dir='ltr'>con-</span> 
     </span>
     <span class='ocr_line' id='line_1_30' title="bbox 142 2348 1536 2409; baseline -0.001 -10"><span class='ocrx_word' id='word_1_211' title='bbox 142 2351 310 2409; x_wconf 90' lang='lat' dir='ltr'>cussis,</span> <span class='ocrx_word' id='word_1_212' title='bbox 345 2350 619 2398; x_wconf 89' lang='lat' dir='ltr'>necessario</span> <span class='ocrx_word' id='word_1_213' title='bbox 650 2349 797 2397; x_wconf 92' lang='lat' dir='ltr'>etiam</span> <span class='ocrx_word' id='word_1_214' title='bbox 822 2348 1104 2396; x_wconf 86' lang='lat' dir='ltr'>concutitur</span> <span class='ocrx_word' id='word_1_215' title='bbox 1122 2349 1321 2396; x_wconf 90' lang='lat' dir='ltr'>meninx</span> <span class='ocrx_word' id='word_1_216' title='bbox 1352 2357 1536 2408; x_wconf 90' lang='lat' dir='ltr'>tenera,</span> 
     </span>
     <span class='ocr_line' id='line_1_31' title="bbox 143 2425 1536 2489; baseline -0.002 -13"><span class='ocrx_word' id='word_1_217' title='bbox 143 2427 387 2476; x_wconf 88' lang='lat' dir='ltr'>actionem</span> <span class='ocrx_word' id='word_1_218' title='bbox 427 2426 492 2474; x_wconf 88' lang='lat' dir='ltr'>ad</span> <span class='ocrx_word' id='word_1_219' title='bbox 538 2427 793 2474; x_wconf 91' lang='lat' dir='ltr'>cerebrum</span> <span class='ocrx_word' id='word_1_220' title='bbox 839 2432 989 2488; x_wconf 92' lang='lat' dir='ltr'>atque</span> <span class='ocrx_word' id='word_1_221' title='bbox 1028 2425 1142 2472; x_wconf 92' lang='lat' dir='ltr'>inde</span> <span class='ocrx_word' id='word_1_222' title='bbox 1188 2425 1253 2473; x_wconf 93' lang='lat' dir='ltr'>ad</span> <span class='ocrx_word' id='word_1_223' title='bbox 1295 2438 1536 2489; x_wconf 90' lang='lat' dir='ltr'>organum</span> 
     </span>
     <span class='ocr_line' id='line_1_32' title="bbox 142 2494 1536 2566; baseline -0.001 -14"><span class='ocrx_word' id='word_1_224' title='bbox 142 2502 388 2562; x_wconf 89' lang='lat' dir='ltr'>ultimum,</span> <span class='ocrx_word' id='word_1_225' title='bbox 418 2518 597 2566; x_wconf 89' lang='lat' dir='ltr'>nempe</span> <span class='ocrx_word' id='word_1_226' title='bbox 622 2501 687 2549; x_wconf 90' lang='lat' dir='ltr'>ad</span> <span class='ocrx_word' id='word_1_227' title='bbox 715 2517 799 2549; x_wconf 92' lang='lat' dir='ltr'>cor</span> <span class='ocrx_word' id='word_1_228' title='bbox 823 2501 999 2564; x_wconf 89' lang='lat' dir='ltr'>ipsum,</span> <span class='ocrx_word' id='word_1_229' title='bbox 1018 2502 1297 2565; x_wconf 90' lang='lat' dir='ltr'>propagari,</span> <span class='ocrx_word' id='word_1_230' title='bbox 1322 2502 1374 2549; x_wconf 93' lang='lat' dir='ltr'>in</span> <span class='ocrx_word' id='word_1_231' title='bbox 1398 2494 1536 2566; x_wconf 87' lang='lat' dir='ltr'>cujus</span> 
     </span>
     <span class='ocr_line' id='line_1_33' title="bbox 143 2576 1116 2628; baseline -0.005 0"><span class='ocrx_word' id='word_1_232' title='bbox 143 2579 394 2628; x_wconf 89' lang='lat' dir='ltr'>reactione</span> <span class='ocrx_word' id='word_1_233' title='bbox 418 2577 642 2626; x_wconf 88' lang='lat' dir='ltr'>consistit</span> <span class='ocrx_word' id='word_1_234' title='bbox 664 2584 842 2625; x_wconf 86' lang='lat' dir='ltr'>natura</span> <span class='ocrx_word' id='word_1_235' title='bbox 864 2576 1116 2624; x_wconf 88' lang='lat' dir='ltr'>sensionis.</span> 
     </span>
    </p>

    <p class='ocr_par' dir='ltr' id='par_1_11' title="bbox 144 2652 1536 2868">
     <span class='ocr_line' id='line_1_34' title="bbox 212 2652 1536 2717; baseline -0.002 -13"><span class='ocrx_word' id='word_1_236' title='bbox 212 2654 361 2705; x_wconf 78' lang='lat' dir='ltr'>Quod</span> <span class='ocrx_word' id='word_1_237' title='bbox 391 2661 558 2702; x_wconf 88' lang='lat' dir='ltr'>autem</span> <span class='ocrx_word' id='word_1_238' title='bbox 586 2668 800 2717; x_wconf 88' lang='lat' dir='ltr'>sapores,</span> <span class='ocrx_word' id='word_1_239' title='bbox 825 2652 1238 2716; x_wconf 89' lang='lat' dir='ltr'>quemadmodum</span> <span class='ocrx_word' id='word_1_240' title='bbox 1262 2661 1312 2701; x_wconf 92' lang='lat' dir='ltr'>et</span> <span class='ocrx_word' id='word_1_241' title='bbox 1347 2653 1536 2711; x_wconf 90' lang='lat' dir='ltr'>odores,</span> 
     </span>
     <span class='ocr_line' id='line_1_35' title="bbox 144 2727 1534 2789; baseline -0.002 -9"><span class='ocrx_word' id='word_1_242' title='bbox 144 2746 246 2780; x_wconf 88' lang='lat' dir='ltr'>non</span> <span class='ocrx_word' id='word_1_243' title='bbox 260 2730 408 2779; x_wconf 92' lang='lat' dir='ltr'>modo</span> <span class='ocrx_word' id='word_1_244' title='bbox 425 2729 681 2777; x_wconf 89' lang='lat' dir='ltr'>cerebrum</span> <span class='ocrx_word' id='word_1_245' title='bbox 695 2735 911 2786; x_wconf 88' lang='lat' dir='ltr'>movent,</span> <span class='ocrx_word' id='word_1_246' title='bbox 927 2727 1014 2775; x_wconf 86' lang='lat' dir='ltr'>sed</span> <span class='ocrx_word' id='word_1_247' title='bbox 1027 2728 1176 2776; x_wconf 88' lang='lat' dir='ltr'>etiam</span> <span class='ocrx_word' id='word_1_248' title='bbox 1189 2729 1534 2789; x_wconf 87' lang='lat' dir='ltr'>ventriculum,</span> 
     </span>
     <span class='ocr_line' id='line_1_36' title="bbox 145 2803 1535 2868; baseline -0.002 -13"><span class='ocrx_word' id='word_1_249' title='bbox 145 2814 203 2855; x_wconf 90' lang='lat' dir='ltr'>ut</span> <span class='ocrx_word' id='word_1_250' title='bbox 222 2806 390 2855; x_wconf 87' lang='lat' dir='ltr'>videre</span> <span class='ocrx_word' id='word_1_251' title='bbox 423 2812 498 2853; x_wconf 90' lang='lat' dir='ltr'>est</span> <span class='ocrx_word' id='word_1_252' title='bbox 527 2805 580 2853; x_wconf 90' lang='lat' dir='ltr'>in</span> <span class='ocrx_word' id='word_1_253' title='bbox 603 2803 953 2852; x_wconf 89' lang='lat' dir='ltr'>nauseantibus</span> <span class='ocrx_word' id='word_1_254' title='bbox 975 2823 987 2858; x_wconf 91' lang='lat'>;</span> <span class='ocrx_word' id='word_1_255' title='bbox 1024 2803 1108 2866; x_wconf 92' lang='lat' dir='ltr'>qui</span> <span class='ocrx_word' id='word_1_256' title='bbox 1141 2819 1380 2868; x_wconf 89' lang='lat' dir='ltr'>organum</span> <span class='ocrx_word' id='word_1_257' title='bbox 1411 2805 1535 2853; x_wconf 89' lang='lat' dir='ltr'>utri-</span> 
     </span>
    </p>
   </div>
   <div class='ocr_carea' id='block_1_6' title="bbox 145 2878 1534 2947">
    <p class='ocr_par' dir='ltr' id='par_1_12' title="bbox 145 2878 1534 2947">
     <span class='ocr_line' id='line_1_37' title="bbox 145 2878 1534 2947; baseline -0.001 -15"><span class='ocrx_word' id='word_1_258' title='bbox 145 2899 299 2947; x_wconf 91' lang='lat' dir='ltr'>usque</span> <span class='ocrx_word' id='word_1_259' title='bbox 339 2882 578 2931; x_wconf 76' lang='lat' dir='ltr'>&#39;sensionis</span> <span class='ocrx_word' id='word_1_260' title='bbox 615 2881 941 2939; x_wconf 90' lang='lat' dir='ltr'>considerant,</span> <span class='ocrx_word' id='word_1_261' title='bbox 974 2878 1174 2929; x_wconf 91' lang='lat' dir='ltr'>minime</span> <span class='ocrx_word' id='word_1_262' title='bbox 1210 2881 1534 2941; x_wconf 88' lang='lat' dir='ltr'>mirabuntur,</span> 
     </span>
    </p>
   </div>
  </div>
 </body>
</html>
