<?xml version="1.0" encoding="UTF-8"?>
<!DOCTYPE html PUBLIC "-//W3C//DTD XHTML 1.0 Transitional//EN"
    "http://www.w3.org/TR/xhtml1/DTD/xhtml1-transitional.dtd">
<html xmlns="http://www.w3.org/1999/xhtml" xml:lang="en" lang="en">
 <head>
  <title>
</title>
<meta http-equiv="Content-Type" content="text/html;charset=utf-8" />
  <meta name='ocr-system' content='tesseract 3.04.00' />
  <meta name='ocr-capabilities' content='ocr_page ocr_carea ocr_par ocr_line ocrx_word'/>
</head>
<body>
  <div class='ocr_page' id='page_1' title='image "./operaphilosophic01hobbuoft_0474.png"; bbox 0 0 1910 3256; ppageno 0'>
   <div class='ocr_carea' id='block_1_1' title="bbox 483 219 1298 269">
    <p class='ocr_par' dir='ltr' id='par_1_1' title="bbox 483 219 1298 269">
     <span class='ocr_line' id='line_1_1' title="bbox 483 219 1298 269; baseline 0.01 -8"><span class='ocrx_word' id='word_1_1' title='bbox 483 219 578 262; x_wconf 86' lang='lat'><strong>350</strong></span> <span class='ocrx_word' id='word_1_2' title='bbox 1046 235 1298 269; x_wconf 83' lang='lat' dir='ltr'><strong>PHYSICA.</strong></span> 
     </span>
    </p>
   </div>
   <div class='ocr_carea' id='block_1_2' title="bbox 235 338 1859 1310">
    <p class='ocr_par' dir='ltr' id='par_1_2' title="bbox 235 338 1859 414">
     <span class='ocr_line' id='line_1_2' title="bbox 235 338 1859 414; baseline 0.007 -28"><span class='ocrx_word' id='word_1_3' title='bbox 235 338 360 414; x_wconf 42' lang='lat' dir='ltr'><strong>PAssg·</strong></span> <span class='ocrx_word' id='word_1_4' title='bbox 380 340 433 373; x_wconf 70' lang='grc' dir='ltr'><strong>Ν·</strong></span> <span class='ocrx_word' id='word_1_5' title='bbox 483 340 548 388; x_wconf 82' lang='lat' dir='ltr'><strong>la</strong></span> <span class='ocrx_word' id='word_1_6' title='bbox 563 341 610 397; x_wconf 75' lang='lat' dir='ltr'><strong>lc,</strong></span> <span class='ocrx_word' id='word_1_7' title='bbox 632 358 743 404; x_wconf 88' lang='lat' dir='ltr'><strong>pars</strong></span> <span class='ocrx_word' id='word_1_8' title='bbox 757 351 904 391; x_wconf 89' lang='lat' dir='ltr'><strong>rectae</strong></span> <span class='ocrx_word' id='word_1_9' title='bbox 928 344 950 391; x_wconf 76' lang='lat' dir='ltr'><em>l</em></span> <span class='ocrx_word' id='word_1_10' title='bbox 962 361 995 392; x_wconf 88' lang='grc' dir='ltr'><em>α</em></span> <span class='ocrx_word' id='word_1_11' title='bbox 1010 361 1052 392; x_wconf 83' lang='lat' dir='ltr'><strong>c.</strong></span> <span class='ocrx_word' id='word_1_12' title='bbox 1120 346 1238 408; x_wconf 87' lang='lat' dir='ltr'><strong>Ejus</strong></span> <span class='ocrx_word' id='word_1_13' title='bbox 1262 362 1378 409; x_wconf 84' lang='lat' dir='ltr'><strong>ergo</strong></span> <span class='ocrx_word' id='word_1_14' title='bbox 1403 346 1606 410; x_wconf 89' lang='lat' dir='ltr'><strong>epicycli</strong></span> <span class='ocrx_word' id='word_1_15' title='bbox 1623 347 1859 399; x_wconf 83' lang='lat' dir='ltr'><strong>diameter</strong></span> 
     </span>
    </p>

    <p class='ocr_par' dir='ltr' id='par_1_3' title="bbox 253 415 1859 488">
     <span class='ocr_line' id='line_1_3' title="bbox 253 415 1859 488; baseline 0.007 -26"><span class='ocrx_word' id='word_1_16' title='bbox 253 429 416 452; x_wconf 34' lang='lat' dir='ltr'><strong>*ffi-d</strong></span> <span class='ocrx_word' id='word_1_17' title='bbox 481 415 551 463; x_wconf 81' lang='lat' dir='ltr'><strong>Za</strong></span> <span class='ocrx_word' id='word_1_18' title='bbox 567 417 613 472; x_wconf 78' lang='lat' dir='ltr'><strong>lc,</strong></span> <span class='ocrx_word' id='word_1_19' title='bbox 648 420 887 467; x_wconf 90' lang='lat' dir='ltr'><strong>transiens</strong></span> <span class='ocrx_word' id='word_1_20' title='bbox 926 436 1015 482; x_wconf 93' lang='lat' dir='ltr'><strong>per</strong></span> <span class='ocrx_word' id='word_1_21' title='bbox 1045 429 1269 468; x_wconf 81' lang='lat' dir='ltr'><strong>centrum</strong></span> <span class='ocrx_word' id='word_1_22' title='bbox 1304 430 1462 481; x_wconf 88' lang='lat' dir='ltr'><strong>terrae,</strong></span> <span class='ocrx_word' id='word_1_23' title='bbox 1499 424 1591 470; x_wconf 87' lang='lat' dir='ltr'><strong>erit</strong></span> <span class='ocrx_word' id='word_1_24' title='bbox 1626 424 1678 471; x_wconf 91' lang='lat' dir='ltr'><strong>in</strong></span> <span class='ocrx_word' id='word_1_25' title='bbox 1714 424 1859 488; x_wconf 88' lang='lat' dir='ltr'><strong>plano</strong></span> 
     </span>
    </p>

    <p class='ocr_par' dir='ltr' id='par_1_4' title="bbox 480 491 1858 559">
     <span class='ocr_line' id='line_1_4' title="bbox 480 491 1858 559; baseline 0.009 -22"><span class='ocrx_word' id='word_1_26' title='bbox 480 491 730 555; x_wconf 88' lang='lat' dir='ltr'><strong>eclipticae.</strong></span> <span class='ocrx_word' id='word_1_27' title='bbox 819 495 1065 543; x_wconf 77' lang='lat' dir='ltr'>Quoniam</span> <span class='ocrx_word' id='word_1_28' title='bbox 1103 512 1219 559; x_wconf 82' lang='lat' dir='ltr'><strong>ergo</strong></span> <span class='ocrx_word' id='word_1_29' title='bbox 1259 504 1365 544; x_wconf 90' lang='lat' dir='ltr'><strong>tum</strong></span> <span class='ocrx_word' id='word_1_30' title='bbox 1403 498 1454 545; x_wconf 92' lang='lat' dir='ltr'><strong>in</strong></span> <span class='ocrx_word' id='word_1_31' title='bbox 1491 506 1632 546; x_wconf 91' lang='lat' dir='ltr'><strong>motu</strong></span> <span class='ocrx_word' id='word_1_32' title='bbox 1670 500 1858 549; x_wconf 85' lang='lat' dir='ltr'><strong>telluris</strong></span> 
     </span>
    </p>

    <p class='ocr_par' dir='ltr' id='par_1_5' title="bbox 478 566 1858 636">
     <span class='ocr_line' id='line_1_5' title="bbox 478 566 1858 636; baseline 0.007 -22"><span class='ocrx_word' id='word_1_33' title='bbox 478 566 696 630; x_wconf 86' lang='lat' dir='ltr'><strong>simplice</strong></span> <span class='ocrx_word' id='word_1_34' title='bbox 718 585 806 632; x_wconf 91' lang='lat' dir='ltr'><strong>per</strong></span> <span class='ocrx_word' id='word_1_35' title='bbox 826 570 1113 632; x_wconf 82' lang='lat' dir='ltr'><strong>eclipticam,</strong></span> <span class='ocrx_word' id='word_1_36' title='bbox 1143 578 1248 618; x_wconf 90' lang='lat' dir='ltr'><strong>tum</strong></span> <span class='ocrx_word' id='word_1_37' title='bbox 1271 589 1358 635; x_wconf 89' lang='lat' dir='ltr'><strong>per</strong></span> <span class='ocrx_word' id='word_1_38' title='bbox 1382 573 1652 636; x_wconf 91' lang='lat' dir='ltr'><strong>epicyclum</strong></span> <span class='ocrx_word' id='word_1_39' title='bbox 1671 595 1683 629; x_wconf 93' lang='lat'>;</span> <span class='ocrx_word' id='word_1_40' title='bbox 1723 583 1858 624; x_wconf 87' lang='lat' dir='ltr'><strong>recta</strong></span> 
     </span>
    </p>

    <p class='ocr_par' dir='ltr' id='par_1_6' title="bbox 477 640 1855 712">
     <span class='ocr_line' id='line_1_6' title="bbox 477 640 1855 712; baseline 0.007 -24"><span class='ocrx_word' id='word_1_41' title='bbox 477 640 500 687; x_wconf 83' lang='lat' dir='ltr'><em>l</em></span> <span class='ocrx_word' id='word_1_42' title='bbox 511 658 543 688; x_wconf 85' lang='lat' dir='ltr'><strong>a</strong></span> <span class='ocrx_word' id='word_1_43' title='bbox 557 642 588 688; x_wconf 76' lang='lat' dir='ltr'><em>k</em></span> <span class='ocrx_word' id='word_1_44' title='bbox 612 658 802 707; x_wconf 83' lang='lat' dir='ltr'><strong>semper</strong></span> <span class='ocrx_word' id='word_1_45' title='bbox 823 651 1019 691; x_wconf 91' lang='lat' dir='ltr'><strong>tenetur</strong></span> <span class='ocrx_word' id='word_1_46' title='bbox 1043 645 1134 692; x_wconf 90' lang='lat' dir='ltr'><strong>sibi</strong></span> <span class='ocrx_word' id='word_1_47' title='bbox 1157 647 1412 708; x_wconf 82' lang='lat' dir='ltr'><strong>parallela3</strong></span> <span class='ocrx_word' id='word_1_48' title='bbox 1451 648 1598 696; x_wconf 89' lang='lat' dir='ltr'><strong>etiam</strong></span> <span class='ocrx_word' id='word_1_49' title='bbox 1625 649 1855 712; x_wconf 88' lang='lat' dir='ltr'><strong>quaelibet</strong></span> 
     </span>
    </p>

    <p class='ocr_par' dir='ltr' id='par_1_7' title="bbox 476 717 1858 787">
     <span class='ocr_line' id='line_1_7' title="bbox 476 717 1858 787; baseline 0.007 -23"><span class='ocrx_word' id='word_1_50' title='bbox 476 717 571 764; x_wconf 88' lang='lat' dir='ltr'><strong>alia</strong></span> <span class='ocrx_word' id='word_1_51' title='bbox 594 725 727 766; x_wconf 90' lang='lat' dir='ltr'><strong>recta</strong></span> <span class='ocrx_word' id='word_1_52' title='bbox 762 719 813 766; x_wconf 91' lang='lat' dir='ltr'><strong>in</strong></span> <span class='ocrx_word' id='word_1_53' title='bbox 853 735 1056 782; x_wconf 89' lang='lat' dir='ltr'><strong>corpore</strong></span> <span class='ocrx_word' id='word_1_54' title='bbox 1097 721 1283 769; x_wconf 90' lang='lat' dir='ltr'><strong>telluris</strong></span> <span class='ocrx_word' id='word_1_55' title='bbox 1321 731 1528 786; x_wconf 86' lang='lat' dir='ltr'><strong>sumpta,</strong></span> <span class='ocrx_word' id='word_1_56' title='bbox 1567 732 1616 772; x_wconf 90' lang='lat' dir='ltr'><strong>et</strong></span> <span class='ocrx_word' id='word_1_57' title='bbox 1653 724 1858 787; x_wconf 88' lang='lat' dir='ltr'><strong>proinde</strong></span> 
     </span>
    </p>

    <p class='ocr_par' dir='ltr' id='par_1_8' title="bbox 475 793 1854 862">
     <span class='ocr_line' id='line_1_8' title="bbox 475 793 1854 862; baseline 0.007 -23"><span class='ocrx_word' id='word_1_58' title='bbox 475 793 578 840; x_wconf 87' lang='lat' dir='ltr'><strong>axis</strong></span> <span class='ocrx_word' id='word_1_59' title='bbox 602 794 703 856; x_wconf 89' lang='lat' dir='ltr'><strong>ejus</strong></span> <span class='ocrx_word' id='word_1_60' title='bbox 728 810 916 857; x_wconf 85' lang='lat' dir='ltr'><strong>semper</strong></span> <span class='ocrx_word' id='word_1_61' title='bbox 939 795 1187 842; x_wconf 87' lang='lat' dir='ltr'><strong>tenebitur</strong></span> <span class='ocrx_word' id='word_1_62' title='bbox 1211 796 1302 843; x_wconf 90' lang='lat' dir='ltr'><strong>sibi</strong></span> <span class='ocrx_word' id='word_1_63' title='bbox 1333 798 1607 859; x_wconf 90' lang='lat' dir='ltr'><strong>parallelus.</strong></span> <span class='ocrx_word' id='word_1_64' title='bbox 1681 799 1854 862; x_wconf 88' lang='lat' dir='ltr'><strong>Itaque</strong></span> 
     </span>
    </p>

    <p class='ocr_par' dir='ltr' id='par_1_9' title="bbox 473 867 1856 935">
     <span class='ocr_line' id='line_1_9' title="bbox 473 867 1856 935; baseline 0.006 -21"><span class='ocrx_word' id='word_1_65' title='bbox 473 867 524 914; x_wconf 90' lang='lat' dir='ltr'><strong>in</strong></span> <span class='ocrx_word' id='word_1_66' title='bbox 541 884 637 931; x_wconf 92' lang='lat' dir='ltr'><strong>qua</strong></span> <span class='ocrx_word' id='word_1_67' title='bbox 657 876 795 930; x_wconf 85' lang='lat' dir='ltr'><strong>parte</strong></span> <span class='ocrx_word' id='word_1_68' title='bbox 830 885 1021 932; x_wconf 91' lang='lat' dir='ltr'><strong>cunque</strong></span> <span class='ocrx_word' id='word_1_69' title='bbox 1056 870 1292 933; x_wconf 90' lang='lat' dir='ltr'><strong>eclipticae</strong></span> <span class='ocrx_word' id='word_1_70' title='bbox 1326 873 1597 935; x_wconf 86' lang='lat' dir='ltr'><strong>reperietur</strong></span> <span class='ocrx_word' id='word_1_71' title='bbox 1630 881 1856 923; x_wconf 89' lang='lat' dir='ltr'><strong>centrum</strong></span> 
     </span>
    </p>

    <p class='ocr_par' dir='ltr' id='par_1_10' title="bbox 474 943 1854 1011">
     <span class='ocr_line' id='line_1_10' title="bbox 474 943 1854 1011; baseline 0.006 -22"><span class='ocrx_word' id='word_1_72' title='bbox 474 943 692 1006; x_wconf 83' lang='lat' dir='ltr'><strong>epicycli,</strong></span> <span class='ocrx_word' id='word_1_73' title='bbox 735 952 784 991; x_wconf 90' lang='lat' dir='ltr'><strong>et</strong></span> <span class='ocrx_word' id='word_1_74' title='bbox 820 944 871 991; x_wconf 91' lang='lat' dir='ltr'><strong>in</strong></span> <span class='ocrx_word' id='word_1_75' title='bbox 909 961 1198 1008; x_wconf 84' lang='lat' dir='ltr'><strong>quacunque</strong></span> <span class='ocrx_word' id='word_1_76' title='bbox 1247 954 1387 1009; x_wconf 91' lang='lat' dir='ltr'><strong>parte</strong></span> <span class='ocrx_word' id='word_1_77' title='bbox 1439 947 1650 1011; x_wconf 86' lang='lat' dir='ltr'><strong>epicycli</strong></span> <span class='ocrx_word' id='word_1_78' title='bbox 1683 949 1854 997; x_wconf 89' lang='lat' dir='ltr'><strong>eodem</strong></span> 
     </span>
    </p>

    <p class='ocr_par' dir='ltr' id='par_1_11' title="bbox 472 1019 1855 1086">
     <span class='ocr_line' id='line_1_11' title="bbox 472 1019 1855 1086; baseline 0.006 -22"><span class='ocrx_word' id='word_1_79' title='bbox 472 1023 691 1080; x_wconf 90' lang='lat' dir='ltr'><strong>tempore</strong></span> <span class='ocrx_word' id='word_1_80' title='bbox 714 1019 984 1081; x_wconf 85' lang='lat' dir='ltr'><strong>reperiatur</strong></span> <span class='ocrx_word' id='word_1_81' title='bbox 1021 1028 1245 1067; x_wconf 89' lang='lat' dir='ltr'><strong>centrum</strong></span> <span class='ocrx_word' id='word_1_82' title='bbox 1278 1028 1438 1078; x_wconf 88' lang='lat' dir='ltr'><strong>terrae,</strong></span> <span class='ocrx_word' id='word_1_83' title='bbox 1463 1022 1565 1070; x_wconf 86' lang='lat' dir='ltr'><strong>axis</strong></span> <span class='ocrx_word' id='word_1_84' title='bbox 1602 1029 1746 1071; x_wconf 88' lang='lat' dir='ltr'><strong>terrae</strong></span> <span class='ocrx_word' id='word_1_85' title='bbox 1768 1040 1855 1086; x_wconf 87' lang='lat' dir='ltr'><strong>pa-</strong></span> 
     </span>
    </p>

    <p class='ocr_par' dir='ltr' id='par_1_12' title="bbox 471 1092 1850 1231">
     <span class='ocr_line' id='line_1_12' title="bbox 471 1092 1850 1155; baseline 0.006 -17"><span class='ocrx_word' id='word_1_86' title='bbox 471 1092 666 1139; x_wconf 88' lang='lat' dir='ltr'><strong>rallelus</strong></span> <span class='ocrx_word' id='word_1_87' title='bbox 698 1093 788 1140; x_wconf 90' lang='lat' dir='ltr'><strong>erit</strong></span> <span class='ocrx_word' id='word_1_88' title='bbox 824 1093 948 1152; x_wconf 91' lang='lat' dir='ltr'><strong>loco,</strong></span> <span class='ocrx_word' id='word_1_89' title='bbox 989 1094 1072 1141; x_wconf 90' lang='lat' dir='ltr'><strong>ubi</strong></span> <span class='ocrx_word' id='word_1_90' title='bbox 1112 1094 1242 1141; x_wconf 90' lang='lat' dir='ltr'><strong>idem</strong></span> <span class='ocrx_word' id='word_1_91' title='bbox 1273 1095 1378 1142; x_wconf 87' lang='lat' dir='ltr'><strong>axis</strong></span> <span class='ocrx_word' id='word_1_92' title='bbox 1410 1095 1594 1155; x_wconf 84' lang='lat' dir='ltr'><strong>fuisset,</strong></span> <span class='ocrx_word' id='word_1_93' title='bbox 1635 1097 1676 1144; x_wconf 90' lang='lat' dir='ltr'><strong>si</strong></span> <span class='ocrx_word' id='word_1_94' title='bbox 1706 1105 1850 1148; x_wconf 77' lang='lat' dir='ltr'><strong>terrae</strong></span> 
     </span>
     <span class='ocr_line' id='line_1_13' title="bbox 472 1169 1603 1231; baseline 0.005 -18"><span class='ocrx_word' id='word_1_95' title='bbox 472 1174 695 1214; x_wconf 85' lang='lat' dir='ltr'><strong>centrum</strong></span> <span class='ocrx_word' id='word_1_96' title='bbox 718 1184 968 1230; x_wconf 89' lang='lat' dir='ltr'><strong>nunquam</strong></span> <span class='ocrx_word' id='word_1_97' title='bbox 993 1169 1265 1231; x_wconf 86' lang='lat' dir='ltr'><strong>eclipticam</strong></span> <span class='ocrx_word' id='word_1_98' title='bbox 1290 1170 1603 1219; x_wconf 88' lang='lat' dir='ltr'><strong>deseruisset.</strong></span> 
     </span>
    </p>

    <p class='ocr_par' dir='ltr' id='par_1_13' title="bbox 540 1242 1852 1310">
     <span class='ocr_line' id='line_1_14' title="bbox 540 1242 1852 1310; baseline 0.006 -22"><span class='ocrx_word' id='word_1_99' title='bbox 540 1242 677 1289; x_wconf 86' lang='lat' dir='ltr'><strong>Sicut</strong></span> <span class='ocrx_word' id='word_1_100' title='bbox 713 1250 876 1290; x_wconf 89' lang='lat' dir='ltr'><strong>autem</strong></span> <span class='ocrx_word' id='word_1_101' title='bbox 913 1259 972 1290; x_wconf 89' lang='lat' dir='ltr'><strong>ex</strong></span> <span class='ocrx_word' id='word_1_102' title='bbox 1009 1244 1259 1306; x_wconf 91' lang='lat' dir='ltr'><strong>supposito</strong></span> <span class='ocrx_word' id='word_1_103' title='bbox 1307 1252 1446 1292; x_wconf 89' lang='lat' dir='ltr'><strong>motu</strong></span> <span class='ocrx_word' id='word_1_104' title='bbox 1483 1246 1596 1293; x_wconf 91' lang='lat' dir='ltr'><strong>solis</strong></span> <span class='ocrx_word' id='word_1_105' title='bbox 1635 1247 1852 1310; x_wconf 90' lang='lat' dir='ltr'><strong>simplice</strong></span> 
     </span>
    </p>
   </div>
   <div class='ocr_carea' id='block_1_3' title="bbox 471 1315 1849 1385">
    <p class='ocr_par' dir='ltr' id='par_1_14' title="bbox 471 1315 1849 1385">
     <span class='ocr_line' id='line_1_15' title="bbox 471 1315 1849 1385; baseline 0.005 -22"><span class='ocrx_word' id='word_1_106' title='bbox 471 1315 907 1365; x_wconf 85' lang='lat' dir='ltr'><strong>demonstravimus</strong></span> <span class='ocrx_word' id='word_1_107' title='bbox 931 1324 1119 1365; x_wconf 91' lang='lat' dir='ltr'><strong>motum</strong></span> <span class='ocrx_word' id='word_1_108' title='bbox 1156 1335 1372 1366; x_wconf 90' lang='lat' dir='ltr'><strong>annuum</strong></span> <span class='ocrx_word' id='word_1_109' title='bbox 1405 1327 1549 1368; x_wconf 80' lang='lat' dir='ltr'><strong>terrae</strong></span> <span class='ocrx_word' id='word_1_110' title='bbox 1568 1321 1849 1385; x_wconf 85' lang='lat' dir='ltr'><strong>simplicem,</strong></span> 
     </span>
    </p>
   </div>
   <div class='ocr_carea' id='block_1_4' title="bbox 469 1391 1896 1456">
    <p class='ocr_par' dir='ltr' id='par_1_15' title="bbox 469 1391 1896 1456">
     <span class='ocr_line' id='line_1_16' title="bbox 469 1391 1896 1456; baseline 0.005 -17"><span class='ocrx_word' id='word_1_111' title='bbox 469 1391 539 1439; x_wconf 90' lang='lat' dir='ltr'><strong>ita</strong></span> <span class='ocrx_word' id='word_1_112' title='bbox 561 1408 621 1440; x_wconf 88' lang='lat' dir='ltr'><strong>ex</strong></span> <span class='ocrx_word' id='word_1_113' title='bbox 644 1393 893 1456; x_wconf 90' lang='lat' dir='ltr'><strong>supposito</strong></span> <span class='ocrx_word' id='word_1_114' title='bbox 934 1401 1074 1441; x_wconf 90' lang='lat' dir='ltr'><strong>motu</strong></span> <span class='ocrx_word' id='word_1_115' title='bbox 1114 1393 1330 1456; x_wconf 90' lang='lat' dir='ltr'><strong>simplice</strong></span> <span class='ocrx_word' id='word_1_116' title='bbox 1356 1402 1500 1443; x_wconf 86' lang='lat' dir='ltr'><strong>terrae</strong></span> <span class='ocrx_word' id='word_1_117' title='bbox 1525 1396 1849 1446; x_wconf 87' lang='lat' dir='ltr'><strong>demonstrari</strong></span> <span class='ocrx_word' id='word_1_118' title='bbox 1887 1399 1896 1405; x_wconf 59' lang='lat'><em>‘</em></span> 
     </span>
    </p>
   </div>
   <div class='ocr_carea' id='block_1_5' title="bbox 468 1468 1848 1610">
    <p class='ocr_par' dir='ltr' id='par_1_16' title="bbox 468 1468 1848 1610">
     <span class='ocr_line' id='line_1_17' title="bbox 468 1468 1847 1532; baseline 0.005 -18"><span class='ocrx_word' id='word_1_119' title='bbox 468 1474 632 1529; x_wconf 89' lang='lat' dir='ltr'><strong>potest</strong></span> <span class='ocrx_word' id='word_1_120' title='bbox 654 1474 815 1515; x_wconf 91' lang='lat' dir='ltr'><strong>motus</strong></span> <span class='ocrx_word' id='word_1_121' title='bbox 843 1475 1117 1515; x_wconf 87' lang='lat' dir='ltr'><strong>menstruus</strong></span> <span class='ocrx_word' id='word_1_122' title='bbox 1141 1468 1270 1516; x_wconf 89' lang='lat' dir='ltr'><strong>lunae</strong></span> <span class='ocrx_word' id='word_1_123' title='bbox 1294 1469 1513 1532; x_wconf 88' lang='lat' dir='ltr'><strong>simplex.</strong></span> <span class='ocrx_word' id='word_1_124' title='bbox 1571 1471 1678 1519; x_wconf 91' lang='lat' dir='ltr'><strong>Erit</strong></span> <span class='ocrx_word' id='word_1_125' title='bbox 1702 1473 1847 1532; x_wconf 89' lang='lat' dir='ltr'><strong>enim,</strong></span> 
     </span>
     <span class='ocr_line' id='line_1_18' title="bbox 471 1542 1848 1610; baseline 0.005 -21"><span class='ocrx_word' id='word_1_126' title='bbox 471 1542 669 1590; x_wconf 88' lang='lat' dir='ltr'><strong>mutatis</strong></span> <span class='ocrx_word' id='word_1_127' title='bbox 704 1543 998 1601; x_wconf 91' lang='lat' dir='ltr'><strong>nominibus,</strong></span> <span class='ocrx_word' id='word_1_128' title='bbox 1036 1543 1206 1590; x_wconf 90' lang='lat' dir='ltr'><strong>eadem</strong></span> <span class='ocrx_word' id='word_1_129' title='bbox 1247 1544 1462 1603; x_wconf 89' lang='lat' dir='ltr'><strong>omnino,</strong></span> <span class='ocrx_word' id='word_1_130' title='bbox 1499 1545 1708 1610; x_wconf 91' lang='lat' dir='ltr'><strong>ideoque</strong></span> <span class='ocrx_word' id='word_1_131' title='bbox 1748 1563 1848 1596; x_wconf 91' lang='lat' dir='ltr'><strong>non</strong></span> 
     </span>
    </p>
   </div>
   <div class='ocr_carea' id='block_1_6' title="bbox 211 1617 1846 2730">
    <p class='ocr_par' dir='ltr' id='par_1_17' title="bbox 471 1617 1130 1680">
     <span class='ocr_line' id='line_1_19' title="bbox 471 1617 1130 1680; baseline 0.003 -17"><span class='ocrx_word' id='word_1_132' title='bbox 471 1617 737 1680; x_wconf 90' lang='lat' dir='ltr'><strong>repetenda</strong></span> <span class='ocrx_word' id='word_1_133' title='bbox 760 1618 1130 1665; x_wconf 87' lang='lat' dir='ltr'><strong>demonstratio.</strong></span> 
     </span>
    </p>

    <p class='ocr_par' dir='ltr' id='par_1_18' title="bbox 212 1690 1846 1765">
     <span class='ocr_line' id='line_1_20' title="bbox 212 1690 1846 1765; baseline 0.004 -27"><span class='ocrx_word' id='word_1_134' title='bbox 212 1690 395 1765; x_wconf 49' lang='lat' dir='ltr'><strong>{lffiggffiff</strong></span> <span class='ocrx_word' id='word_1_135' title='bbox 413 1734 453 1765; x_wconf 45' lang='lat' dir='ltr'><strong>H-</strong></span> <span class='ocrx_word' id='word_1_136' title='bbox 539 1695 584 1747; x_wconf 90' lang='lat'><strong>7.</strong></span> <span class='ocrx_word' id='word_1_137' title='bbox 623 1693 1014 1756; x_wconf 72' lang='lat' dir='ltr'><strong>suppositionem</strong></span> <span class='ocrx_word' id='word_1_138' title='bbox 1050 1693 1177 1740; x_wconf 88' lang='lat' dir='ltr'><strong>hanc</strong></span> <span class='ocrx_word' id='word_1_139' title='bbox 1210 1693 1403 1741; x_wconf 90' lang='lat' dir='ltr'><strong>lationis</strong></span> <span class='ocrx_word' id='word_1_140' title='bbox 1443 1694 1612 1742; x_wconf 88' lang='lat' dir='ltr'><strong>solaris</strong></span> <span class='ocrx_word' id='word_1_141' title='bbox 1651 1695 1723 1757; x_wconf 91' lang='lat' dir='ltr'><strong>(in</strong></span> <span class='ocrx_word' id='word_1_142' title='bbox 1746 1698 1846 1760; x_wconf 90' lang='lat' dir='ltr'><strong>epi-</strong></span> 
     </span>
    </p>

    <p class='ocr_par' dir='ltr' id='par_1_19' title="bbox 211 1745 1845 1833">
     <span class='ocr_line' id='line_1_21' title="bbox 295 1745 1845 1833; baseline 0.009 -26.28"><span class='ocrx_word' id='word_1_143' title='bbox 295 1778 378 1827; x_wconf 53' lang='lat' dir='ltr'><strong>„qu</strong></span> <span class='ocrx_word' id='word_1_144' title='bbox 391 1745 446 1809; x_wconf 57' lang='lat' dir='ltr'><strong>pm</strong></span> <span class='ocrx_word' id='word_1_145' title='bbox 472 1768 608 1830; x_wconf 74' lang='lat' dir='ltr'><strong>cyclo</strong></span> <span class='ocrx_word' id='word_1_146' title='bbox 627 1768 722 1832; x_wconf 80' lang='lat' dir='ltr'><strong>fg</strong></span> <span class='ocrx_word' id='word_1_147' title='bbox 740 1768 771 1814; x_wconf 77' lang='lat' dir='ltr'><em>h</em></span> <span class='ocrx_word' id='word_1_148' title='bbox 791 1768 829 1829; x_wconf 76' lang='lat' dir='ltr'><strong>i)</strong></span> <span class='ocrx_word' id='word_1_149' title='bbox 859 1768 1106 1831; x_wconf 85' lang='lat' dir='ltr'><strong>simplicis,</strong></span> <span class='ocrx_word' id='word_1_150' title='bbox 1130 1768 1442 1816; x_wconf 70' lang='lat' dir='ltr'><strong>verisimilem</strong></span> <span class='ocrx_word' id='word_1_151' title='bbox 1465 1769 1517 1816; x_wconf 80' lang='lat' dir='ltr'><strong>in</strong></span> <span class='ocrx_word' id='word_1_152' title='bbox 1535 1770 1704 1833; x_wconf 85' lang='lat' dir='ltr'><strong>primis</strong></span> <span class='ocrx_word' id='word_1_153' title='bbox 1727 1772 1845 1820; x_wconf 76' lang='lat' dir='ltr'><strong>facit</strong></span> 
     </span>
    </p>

    <p class='ocr_par' dir='ltr' id='par_1_20' title="bbox 211 1820 1845 2730">
     <span class='ocr_line' id='line_1_22' title="bbox 211 1820 1845 1906; baseline 0.004 -17"><span class='ocrx_word' id='word_1_154' title='bbox 211 1820 402 1852; x_wconf 60' lang='lat' dir='ltr'>ver¹s¹m¹¹¹⁸&#39;</span> <span class='ocrx_word' id='word_1_155' title='bbox 470 1843 603 1905; x_wconf 90' lang='lat' dir='ltr'><strong>quod</strong></span> <span class='ocrx_word' id='word_1_156' title='bbox 626 1843 934 1906; x_wconf 89' lang='lat' dir='ltr'><strong>planetarum</strong></span> <span class='ocrx_word' id='word_1_157' title='bbox 959 1843 1176 1890; x_wconf 91' lang='lat' dir='ltr'><strong>omnium</strong></span> <span class='ocrx_word' id='word_1_158' title='bbox 1197 1843 1387 1906; x_wconf 89' lang='lat' dir='ltr'><strong>periodi</strong></span> <span class='ocrx_word' id='word_1_159' title='bbox 1410 1860 1510 1892; x_wconf 91' lang='lat' dir='ltr'><strong>non</strong></span> <span class='ocrx_word' id='word_1_160' title='bbox 1533 1845 1680 1893; x_wconf 92' lang='lat' dir='ltr'><strong>modo</strong></span> <span class='ocrx_word' id='word_1_161' title='bbox 1715 1847 1845 1896; x_wconf 90' lang='lat' dir='ltr'><strong>circa</strong></span> 
     </span>
     <span class='ocr_line' id='line_1_23' title="bbox 469 1918 1844 1981; baseline 0.004 -16"><span class='ocrx_word' id='word_1_162' title='bbox 469 1918 636 1977; x_wconf 88' lang='lat' dir='ltr'><strong>solem,</strong></span> <span class='ocrx_word' id='word_1_163' title='bbox 665 1918 751 1966; x_wconf 90' lang='lat' dir='ltr'><strong>sed</strong></span> <span class='ocrx_word' id='word_1_164' title='bbox 776 1919 924 1966; x_wconf 88' lang='lat' dir='ltr'><strong>etiam</strong></span> <span class='ocrx_word' id='word_1_165' title='bbox 946 1918 1017 1966; x_wconf 90' lang='lat' dir='ltr'><strong>ita</strong></span> <span class='ocrx_word' id='word_1_166' title='bbox 1051 1919 1180 1966; x_wconf 90' lang='lat' dir='ltr'><strong>circa</strong></span> <span class='ocrx_word' id='word_1_167' title='bbox 1214 1919 1366 1966; x_wconf 91' lang='lat' dir='ltr'><strong>solem</strong></span> <span class='ocrx_word' id='word_1_168' title='bbox 1401 1919 1753 1981; x_wconf 87' lang='lat' dir='ltr'><strong>describantur,</strong></span> <span class='ocrx_word' id='word_1_169' title='bbox 1787 1932 1844 1972; x_wconf 85' lang='lat' dir='ltr'><strong>ut</strong></span> 
     </span>
     <span class='ocr_line' id='line_1_24' title="bbox 467 1994 1842 2056; baseline 0.005 -16"><span class='ocrx_word' id='word_1_170' title='bbox 467 1994 815 2041; x_wconf 85' lang='lat' dir='ltr'><strong>contineantur</strong></span> <span class='ocrx_word' id='word_1_171' title='bbox 834 2010 1003 2041; x_wconf 89' lang='lat' dir='ltr'><strong>omnes</strong></span> <span class='ocrx_word' id='word_1_172' title='bbox 1039 1994 1171 2042; x_wconf 85' lang='lat' dir='ltr'><strong>intra</strong></span> <span class='ocrx_word' id='word_1_173' title='bbox 1205 1994 1474 2054; x_wconf 82' lang='lat' dir='ltr'><strong>zodiacum,</strong></span> <span class='ocrx_word' id='word_1_174' title='bbox 1509 1996 1561 2043; x_wconf 93' lang='lat' dir='ltr'><strong>id</strong></span> <span class='ocrx_word' id='word_1_175' title='bbox 1588 2006 1677 2056; x_wconf 89' lang='lat' dir='ltr'><strong>est,</strong></span> <span class='ocrx_word' id='word_1_176' title='bbox 1713 1996 1842 2047; x_wconf 88' lang='lat' dir='ltr'><strong>intra</strong></span> 
     </span>
     <span class='ocr_line' id='line_1_25' title="bbox 466 2068 1840 2132; baseline 0.004 -16"><span class='ocrx_word' id='word_1_177' title='bbox 466 2068 777 2116; x_wconf 88' lang='lat' dir='ltr'><strong>latitudinem</strong></span> <span class='ocrx_word' id='word_1_178' title='bbox 800 2069 1042 2132; x_wconf 84' lang='lat' dir='ltr'><strong>graduum</strong></span> <span class='ocrx_word' id='word_1_179' title='bbox 1063 2069 1259 2117; x_wconf 87' lang='lat' dir='ltr'><strong>circiter</strong></span> <span class='ocrx_word' id='word_1_180' title='bbox 1288 2075 1345 2117; x_wconf 90' lang='lat'><strong>16</strong></span> <span class='ocrx_word' id='word_1_181' title='bbox 1365 2091 1376 2125; x_wconf 91' lang='lat'>;</span> <span class='ocrx_word' id='word_1_182' title='bbox 1413 2087 1526 2118; x_wconf 90' lang='lat' dir='ltr'><strong>nam</strong></span> <span class='ocrx_word' id='word_1_183' title='bbox 1551 2071 1654 2119; x_wconf 89' lang='lat' dir='ltr'><strong>hoc</strong></span> <span class='ocrx_word' id='word_1_184' title='bbox 1677 2081 1734 2120; x_wconf 87' lang='lat' dir='ltr'><strong>ut</strong></span> <span class='ocrx_word' id='word_1_185' title='bbox 1755 2074 1840 2121; x_wconf 89' lang='lat' dir='ltr'><strong>fiat</strong></span> 
     </span>
     <span class='ocr_line' id='line_1_26' title="bbox 465 2143 1839 2209; baseline 0.006 -20"><span class='ocrx_word' id='word_1_186' title='bbox 465 2143 514 2190; x_wconf 93' lang='lat' dir='ltr'><strong>in</strong></span> <span class='ocrx_word' id='word_1_187' title='bbox 564 2160 711 2192; x_wconf 92' lang='lat' dir='ltr'><strong>causa</strong></span> <span class='ocrx_word' id='word_1_188' title='bbox 750 2144 945 2191; x_wconf 89' lang='lat' dir='ltr'><strong>videtur</strong></span> <span class='ocrx_word' id='word_1_189' title='bbox 985 2144 1140 2191; x_wconf 88' lang='lat' dir='ltr'><strong>virtus</strong></span> <span class='ocrx_word' id='word_1_190' title='bbox 1182 2144 1344 2206; x_wconf 90' lang='lat' dir='ltr'><strong>aliqua</strong></span> <span class='ocrx_word' id='word_1_191' title='bbox 1383 2145 1433 2192; x_wconf 94' lang='lat' dir='ltr'><strong>in</strong></span> <span class='ocrx_word' id='word_1_192' title='bbox 1472 2146 1578 2209; x_wconf 90' lang='lat' dir='ltr'><strong>ipso</strong></span> <span class='ocrx_word' id='word_1_193' title='bbox 1616 2147 1732 2206; x_wconf 90' lang='lat' dir='ltr'><strong>sole,</strong></span> <span class='ocrx_word' id='word_1_194' title='bbox 1790 2156 1839 2197; x_wconf 89' lang='lat' dir='ltr'><strong>et</strong></span> 
     </span>
     <span class='ocr_line' id='line_1_27' title="bbox 463 2218 1837 2283; baseline 0.004 -17"><span class='ocrx_word' id='word_1_195' title='bbox 463 2219 772 2280; x_wconf 92' lang='lat' dir='ltr'><strong>potissimum</strong></span> <span class='ocrx_word' id='word_1_196' title='bbox 818 2219 868 2267; x_wconf 90' lang='lat' dir='ltr'><strong>in</strong></span> <span class='ocrx_word' id='word_1_197' title='bbox 914 2235 971 2266; x_wconf 91' lang='lat' dir='ltr'><strong>ea</strong></span> <span class='ocrx_word' id='word_1_198' title='bbox 1016 2235 1125 2282; x_wconf 88' lang='lat' dir='ltr'><strong>quae</strong></span> <span class='ocrx_word' id='word_1_199' title='bbox 1170 2218 1424 2266; x_wconf 91' lang='lat' dir='ltr'><strong>zodiacum</strong></span> <span class='ocrx_word' id='word_1_200' title='bbox 1482 2229 1672 2283; x_wconf 89' lang='lat' dir='ltr'><strong>spectat</strong></span> <span class='ocrx_word' id='word_1_201' title='bbox 1724 2223 1837 2271; x_wconf 92' lang='lat' dir='ltr'><strong>solis</strong></span> 
     </span>
     <span class='ocr_line' id='line_1_28' title="bbox 462 2293 1836 2357; baseline 0.004 -17"><span class='ocrx_word' id='word_1_202' title='bbox 462 2301 633 2355; x_wconf 87' lang='lat' dir='ltr'><strong>parte:</strong></span> <span class='ocrx_word' id='word_1_203' title='bbox 685 2293 915 2352; x_wconf 90' lang='lat' dir='ltr'><strong>secundo,</strong></span> <span class='ocrx_word' id='word_1_204' title='bbox 955 2293 1087 2356; x_wconf 92' lang='lat' dir='ltr'><strong>quod</strong></span> <span class='ocrx_word' id='word_1_205' title='bbox 1122 2293 1173 2340; x_wconf 91' lang='lat' dir='ltr'><strong>in</strong></span> <span class='ocrx_word' id='word_1_206' title='bbox 1209 2300 1314 2340; x_wconf 92' lang='lat' dir='ltr'><strong>toto</strong></span> <span class='ocrx_word' id='word_1_207' title='bbox 1364 2294 1597 2343; x_wconf 89' lang='lat' dir='ltr'><strong>coelorum</strong></span> <span class='ocrx_word' id='word_1_208' title='bbox 1635 2298 1836 2357; x_wconf 87' lang='lat' dir='ltr'><strong>ambitu,</strong></span> 
     </span>
     <span class='ocr_line' id='line_1_29' title="bbox 463 2368 1835 2434; baseline 0.004 -19"><span class='ocrx_word' id='word_1_209' title='bbox 463 2368 596 2430; x_wconf 93' lang='lat' dir='ltr'><strong>quod</strong></span> <span class='ocrx_word' id='word_1_210' title='bbox 617 2368 727 2415; x_wconf 89' lang='lat' dir='ltr'><strong>talis</strong></span> <span class='ocrx_word' id='word_1_211' title='bbox 750 2368 1058 2431; x_wconf 87' lang='lat' dir='ltr'><strong>phaenomeni</strong></span> <span class='ocrx_word' id='word_1_212' title='bbox 1081 2368 1399 2430; x_wconf 89' lang='lat' dir='ltr'><strong>probabiliter</strong></span> <span class='ocrx_word' id='word_1_213' title='bbox 1417 2371 1635 2418; x_wconf 88' lang='lat' dir='ltr'><strong>accusari</strong></span> <span class='ocrx_word' id='word_1_214' title='bbox 1657 2379 1835 2434; x_wconf 89' lang='lat' dir='ltr'><strong>potest,</strong></span> 
     </span>
     <span class='ocr_line' id='line_1_30' title="bbox 461 2443 1834 2509; baseline 0.004 -20"><span class='ocrx_word' id='word_1_215' title='bbox 461 2443 593 2490; x_wconf 90' lang='lat' dir='ltr'><strong>aliud</strong></span> <span class='ocrx_word' id='word_1_216' title='bbox 629 2458 805 2505; x_wconf 90' lang='lat' dir='ltr'><strong>corpus</strong></span> <span class='ocrx_word' id='word_1_217' title='bbox 842 2443 1028 2490; x_wconf 89' lang='lat' dir='ltr'><strong>nullum</strong></span> <span class='ocrx_word' id='word_1_218' title='bbox 1069 2450 1334 2505; x_wconf 83' lang='lat' dir='ltr'><strong>appareat3</strong></span> <span class='ocrx_word' id='word_1_219' title='bbox 1372 2443 1547 2492; x_wconf 91' lang='lat' dir='ltr'><strong>deinde</strong></span> <span class='ocrx_word' id='word_1_220' title='bbox 1588 2446 1719 2509; x_wconf 93' lang='lat' dir='ltr'><strong>quod</strong></span> <span class='ocrx_word' id='word_1_221' title='bbox 1759 2454 1834 2495; x_wconf 89' lang='lat' dir='ltr'><strong>tot</strong></span> 
     </span>
     <span class='ocr_line' id='line_1_31' title="bbox 461 2517 1833 2580; baseline 0.003 -15"><span class='ocrx_word' id='word_1_222' title='bbox 461 2525 512 2565; x_wconf 91' lang='lat' dir='ltr'><strong>et</strong></span> <span class='ocrx_word' id='word_1_223' title='bbox 548 2525 649 2566; x_wconf 90' lang='lat' dir='ltr'><strong>tam</strong></span> <span class='ocrx_word' id='word_1_224' title='bbox 686 2517 808 2565; x_wconf 89' lang='lat' dir='ltr'><strong>varii</strong></span> <span class='ocrx_word' id='word_1_225' title='bbox 845 2525 1005 2565; x_wconf 89' lang='lat' dir='ltr'><strong>motus</strong></span> <span class='ocrx_word' id='word_1_226' title='bbox 1046 2518 1352 2580; x_wconf 89' lang='lat' dir='ltr'><strong>planetarum</strong></span> <span class='ocrx_word' id='word_1_227' title='bbox 1388 2519 1570 2567; x_wconf 88' lang='lat' dir='ltr'><strong>nullam</strong></span> <span class='ocrx_word' id='word_1_228' title='bbox 1599 2520 1833 2569; x_wconf 86' lang='lat' dir='ltr'><strong>haberent</strong></span> 
     </span>
     <span class='ocr_line' id='line_1_32' title="bbox 460 2592 1831 2651; baseline 0.003 -12"><span class='ocrx_word' id='word_1_229' title='bbox 460 2592 583 2640; x_wconf 91' lang='lat' dir='ltr'><strong>alius</strong></span> <span class='ocrx_word' id='word_1_230' title='bbox 620 2593 681 2640; x_wconf 90' lang='lat' dir='ltr'><strong>ab</strong></span> <span class='ocrx_word' id='word_1_231' title='bbox 719 2592 813 2639; x_wconf 91' lang='lat' dir='ltr'><strong>alio</strong></span> <span class='ocrx_word' id='word_1_232' title='bbox 853 2592 1219 2651; x_wconf 87' lang='lat' dir='ltr'><strong>derivationem,</strong></span> <span class='ocrx_word' id='word_1_233' title='bbox 1262 2594 1313 2641; x_wconf 91' lang='lat' dir='ltr'><strong>in</strong></span> <span class='ocrx_word' id='word_1_234' title='bbox 1350 2594 1565 2641; x_wconf 90' lang='lat' dir='ltr'><strong>animum</strong></span> <span class='ocrx_word' id='word_1_235' title='bbox 1604 2595 1831 2644; x_wconf 88' lang='lat' dir='ltr'><strong>inducere</strong></span> 
     </span>
     <span class='ocr_line' id='line_1_33' title="bbox 458 2668 1830 2730; baseline 0.003 -16"><span class='ocrx_word' id='word_1_236' title='bbox 458 2683 559 2715; x_wconf 93' lang='lat' dir='ltr'><strong>non</strong></span> <span class='ocrx_word' id='word_1_237' title='bbox 581 2675 818 2730; x_wconf 91' lang='lat' dir='ltr'><strong>poteram.</strong></span> <span class='ocrx_word' id='word_1_238' title='bbox 889 2668 1052 2715; x_wconf 91' lang='lat' dir='ltr'><strong>Posita</strong></span> <span class='ocrx_word' id='word_1_239' title='bbox 1091 2676 1256 2716; x_wconf 88' lang='lat' dir='ltr'><strong>autem</strong></span> <span class='ocrx_word' id='word_1_240' title='bbox 1296 2670 1347 2717; x_wconf 89' lang='lat' dir='ltr'><strong>in</strong></span> <span class='ocrx_word' id='word_1_241' title='bbox 1386 2669 1486 2717; x_wconf 91' lang='lat' dir='ltr'><strong>sole</strong></span> <span class='ocrx_word' id='word_1_242' title='bbox 1519 2670 1701 2718; x_wconf 89' lang='lat' dir='ltr'><strong>virtute</strong></span> <span class='ocrx_word' id='word_1_243' title='bbox 1728 2686 1830 2718; x_wconf 94' lang='lat' dir='ltr'><strong>mo-</strong></span> 
     </span>
    </p>
   </div>
   <div class='ocr_carea' id='block_1_7' title="bbox 459 2742 1829 2866">
    <p class='ocr_par' dir='ltr' id='par_1_21' title="bbox 459 2742 1829 2866">
     <span class='ocr_line' id='line_1_34' title="bbox 459 2742 1829 2809; baseline 0.004 -21"><span class='ocrx_word' id='word_1_244' title='bbox 459 2742 596 2801; x_wconf 87' lang='lat' dir='ltr'><strong>trice,</strong></span> <span class='ocrx_word' id='word_1_245' title='bbox 621 2743 821 2805; x_wconf 88' lang='lat' dir='ltr'><strong>ponitur</strong></span> <span class='ocrx_word' id='word_1_246' title='bbox 845 2751 894 2790; x_wconf 91' lang='lat' dir='ltr'><strong>et</strong></span> <span class='ocrx_word' id='word_1_247' title='bbox 913 2751 1074 2790; x_wconf 87' lang='lat' dir='ltr'><strong>motus</strong></span> <span class='ocrx_word' id='word_1_248' title='bbox 1097 2764 1108 2798; x_wconf 92' lang='lat'>;</span> <span class='ocrx_word' id='word_1_249' title='bbox 1133 2759 1246 2791; x_wconf 86' lang='lat' dir='ltr'><strong>nam</strong></span> <span class='ocrx_word' id='word_1_250' title='bbox 1265 2745 1420 2792; x_wconf 88' lang='lat' dir='ltr'><strong>virtus</strong></span> <span class='ocrx_word' id='word_1_251' title='bbox 1451 2745 1631 2793; x_wconf 88' lang='lat' dir='ltr'><strong>motrix</strong></span> <span class='ocrx_word' id='word_1_252' title='bbox 1651 2753 1829 2809; x_wconf 85' lang='lat' dir='ltr'><strong>praeter</strong></span> 
     </span>
     <span class='ocr_line' id='line_1_35' title="bbox 459 2819 914 2866; baseline 0.004 -3"><span class='ocrx_word' id='word_1_253' title='bbox 459 2826 647 2865; x_wconf 89' lang='lat' dir='ltr'><strong>motum</strong></span> <span class='ocrx_word' id='word_1_254' title='bbox 671 2819 804 2866; x_wconf 89' lang='lat' dir='ltr'><strong>nulla</strong></span> <span class='ocrx_word' id='word_1_255' title='bbox 828 2827 914 2865; x_wconf 91' lang='lat' dir='ltr'><strong>est.</strong></span> 
     </span>
    </p>
   </div>
  </div>
 </body>
</html>
