1936 3262
260 390 390 465 Rufi
400 390 451 422 ΙΙ.

496 266 585 308 166
877 280 1251 314 PHILOSOPHIA
1277 283 1467 316 PRlMA.

487 393 592 434 tum
626 388 794 436 circuli
829 390 1249 452 circumferentiae,
1275 401 1381 441 tum
1411 391 1553 442 lineae
1582 402 1744 474 rectae,
1769 396 1864 445 sibi

264 480 452 503 »Ὑῌ
489 461 698 510 invicem
723 473 1010 527 congruent.

241 542 299 571 Cir
300 542 390 573 curlo
393 553 445 573 um

239 594 296 633 per
298 585 361 616 ime
345 586 404 659 stri

242 627 330 658 inter

241 676 277 701 ut
298 639 359 702 dias
375 673 456 703 letri-

560 544 632 586 13.
671 538 980 586 Circulorum
1041 542 1293 604 perimetri
1353 551 1467 590 sunt
1520 543 1650 592 inter
1698 560 1750 592 se
1806 554 1868 597 ut

413 613 756 661 unteorundem
802 615 1166 663 semidiametri.
1259 618 1368 665 Sint
1417 618 1489 679 (in
1533 619 1616 682 fig.
1666 617 1713 681 1)
1762 618 1858 669 duo

489 688 659 735 circuli
708 689 985 752 quicunque
1039 691 1198 738 BCD
1253 694 1423 756 major,
1476 694 1516 740 E
1540 694 1578 740 F
1600 693 1644 741 G
1686 693 1862 754 minor,
1935 754 1936 764 γ

487 764 724 811 habentes
772 773 995 812 centrum
1031 782 1286 815 commune
1321 769 1393 823 A;
1436 784 1605 816 eorum
1639 767 1863 818 semidiae-

488 839 633 886 metri
657 839 756 886 sint
780 840 825 886 A
850 840 904 898 C,
939 841 980 887 A
1008 841 1076 895 E;
1114 841 1239 900 dico,
1271 858 1417 905 quam
1439 843 1680 891 rationem
1714 844 1865 894 habet
1935 842 1936 880 l

487 913 750 976 perimeter
803 914 843 960 B
869 914 907 961 C
930 915 972 962 D
1028 916 1091 963 ad
1142 917 1459 979 perimetrum
1514 919 1554 966 E
1579 919 1616 965 F
1639 919 1698 978 G,
1749 935 1863 968 ean-

490 989 602 1035 dem
624 989 804 1036 habere
842 989 880 1036 C
911 990 955 1037 A
979 991 1043 1038 ad
1065 991 1108 1038 A
1133 992 1188 1038 E.
1259 993 1386 1040 Nam
1407 994 1696 1057 magnitudo
1721 995 1863 1043 semi-2

490 1063 840 1111 diametrorum
877 1064 916 1111 C
938 1066 998 1124 A,
1041 1067 1086 1113 A
1112 1067 1152 1113 Ε
1189 1067 1542 1116 determinatur
1564 1085 1595 1117 a
1617 1068 1866 1119 distantiis

486 1146 781 1201 punctorum
825 1139 862 1186 C
900 1148 949 1187 et
991 1142 1030 1188 E
1072 1158 1102 1188 a
1142 1150 1312 1190 centro
1358 1144 1418 1202 A,
1462 1160 1571 1206 quae
1617 1143 1889 1194 distantiae,

487 1213 809 1275 acquiruntur
844 1223 984 1263 motu
1023 1217 1256 1265 uniformi
1295 1219 1467 1281 puncti
1506 1219 1567 1266 ab
1604 1219 1649 1266 A
1689 1219 1753 1267 ad
1793 1220 1863 1276 C;

488 1287 559 1334 ita
598 1296 652 1335 ut
686 1290 987 1351 temporibus
1019 1292 1286 1354 aequalibus
1329 1293 1574 1341 distantiae
1610 1294 1863 1356 acquisitae
1898 1345 1913 1353 m

489 1362 588 1409 sint
630 1364 858 1425 aequales.
947 1366 1044 1413 Sed
1083 1374 1133 1413 et
1166 1368 1420 1430 perimetri
1454 1368 1495 1415 Β
1517 1369 1561 1416 C
1584 1369 1648 1428 D,
1672 1369 1716 1417 E
1744 1370 1788 1417 1³
1809 1370 1862 1418 G

488 1437 878 1486 determinantur
897 1441 958 1488 ab
982 1441 1155 1489 iisdem
1179 1442 1423 1491 distantiis
1442 1451 1737 1508 punctorum
1757 1445 1795 1492 C
1813 1453 1862 1494 et

487 1513 528 1559 E
557 1513 618 1560 ab
644 1514 815 1561 eodem
840 1524 1010 1563 centro
1027 1516 1099 1572 A;
1124 1517 1309 1565 habent
1327 1519 1478 1582 igitur
1493 1527 1594 1567 tam
1611 1520 1861 1583 perimetri
1919 1535 1922 1538 ’

487 1587 527 1633 Β
554 1588 593 1634 C
620 1589 680 1647 D,
749 1590 789 1636 E
814 1591 851 1636 F
875 1591 917 1638 G
981 1608 1126 1654 quam
1186 1594 1534 1642 semidiametri
1584 1595 1623 1642 O
1646 1595 1705 1652 A,
1759 1595 1862 1643 ΑΕ
1899 1593 1909 1620 ³

486 1663 692 1710 eandem
712 1680 909 1712 causam
929 1682 1040 1714 suas
1060 1669 1422 1730 magnitudines
1438 1669 1863 1729 determinantem,

485 1752 690 1799 eamque
727 1739 877 1786 talem
901 1755 1009 1802 quae
1034 1743 1335 1805 temporibus
1361 1744 1628 1806 aequalibus
1656 1746 1882 1808 aequalia'

482 1811 633 1859 faciat
675 1814 846 1876 spatia.
918 1815 1043 1863 Sunt
1088 1817 1255 1879 itaque
1293 1818 1400 1881 (per
1441 1835 1546 1882 cap.
1581 1826 1655 1879 13,
1687 1829 1780 1869 art.
1805 1822 1861 1884 6)

484 1886 777 1935 circulorum
814 1890 1066 1952 perimetri
1103 1899 1153 1939 et
1195 1894 1543 1942 semidiametri
1583 1897 1865 1959 prOportio-

483 1962 618 2009 nales
637 1983 649 2016 ;
687 1964 820 2025 quod
844 1973 950 2012 erat
971 1967 1293 2028 probandum.

555 2043 628 2084 14.
668 2038 719 2084 Si
755 2038 863 2086 duae
886 2048 1035 2087 rectae
1062 2042 1295 2104 angulum
1320 2044 1676 2092 constituentes
1711 2046 1862 2095 rectis

396 2147 465 2168 esse
484 2120 714 2159 secentur
747 2115 1007 2176 parallelis,
1045 2125 1190 2163 erunt
1223 2117 1509 2182 interceptae
1537 2120 1781 2182 parallelae
1802 2129 1861 2169 ‘ut

350 2189 427 2252 ¹291-
483 2196 649 2249 partes
681 2189 907 2237 abscissae
942 2207 972 2237 a
1005 2191 1205 2238 vertice.
1277 2193 1386 2240 Sint
1418 2194 1488 2255 (in
1522 2195 1603 2258 fig.
1630 2196 1681 2258 6)
1709 2203 1862 2244 rectae

481 2263 525 2308 A
552 2262 608 2320 Β,
643 2262 685 2311 Α
726 2264 783 2322 C,
829 2266 1185 2314 constituentes
1229 2269 1462 2331 angulum
1497 2270 1561 2318 ad
1597 2270 1657 2330 A,
1710 2279 1856 2320 sectae

485 2337 675 2385 duabus
695 2339 844 2386 rectis
863 2341 1108 2402 parallelis
1125 2342 1164 2388 B
1190 2342 1244 2400 C,
1264 2343 1307 2390 D
1326 2344 1365 2390 E
1388 2365 1399 2398 ;
1439 2361 1547 2408 quae
1567 2346 1856 2395 abscindant
1902 2371 1907 2375 -

479 2429 509 2459 a
545 2413 729 2460 vertice
766 2414 817 2460 in
858 2416 1044 2462 utravis
1085 2425 1236 2475 recta,
1275 2426 1396 2480 puta
1433 2420 1484 2466 in
1530 2421 1574 2467 A
1595 2421 1651 2479 B,
1690 2429 1856 2484 partes

478 2487 523 2534 A
549 2488 605 2546 Β,
629 2488 674 2534 Α.
698 2489 741 2535 D
764 2510 775 2543 ;
818 2489 926 2537 dico
959 2491 1257 2555 interceptas
1283 2494 1323 2540 B
1349 2495 1405 2553 C,
1442 2496 1486 2542 D
1509 2496 1549 2542 E
1588 2513 1692 2544 esse
1726 2497 1861 2545 inter·-

478 2579 530 2611 se
564 2570 620 2611 ut
654 2565 697 2611 A
723 2565 779 2622 Β,
805 2565 848 2612 Α
874 2566 933 2613 D.
1005 2567 1270 2615 SeceturA
1297 2570 1336 2616 B
1371 2570 1423 2618 in
1458 2572 1652 2634 quotvis
1688 2581 1853 2636 partes

477 2640 688 2701 aequales
724 2640 767 2686 A
793 2641 844 2699 F,
884 2642 920 2687 F
942 2642 1003 2699 D,
1028 2643 1072 2689 D
1098 2643 1154 2701 Β,
1181 2643 1519 2709 ducanturque
1545 2663 1634 2710 per
1658 2648 1695 2694 F
1717 2656 1767 2696 et
1790 2648 1849 2706 D,

477 2714 514 2759 F
539 2713 595 2773 G,
652 2714 696 2762 D
722 2714 761 2761 E
798 2716 1041 2778 parallelae
1075 2718 1180 2765 basi
1217 2719 1257 2765 B
1283 2720 1340 2778 C,
1392 2731 1613 2770 secantes
1645 2723 1689 2769 A
1710 2723 1749 2770 C
1799 2724 1850 2771 in

477 2788 519 2835 G
562 2797 611 2836 et
647 2790 721 2844 E;
769 2798 819 2837 et
860 2806 1026 2838 rursus
1071 2808 1159 2855 per
1203 2802 1387 2856 puncta
1427 2796 1484 2854 G,
1527 2797 1567 2843 E
1610 2797 1851 2845 ducantur

477 2862 582 2909 aliae
607 2872 754 2911 rectae
776 2866 1019 2928 parallelae
1054 2867 1146 2930 ipsi
1169 2868 1212 2914 A
1238 2869 1294 2928 B,
1338 2879 1557 2919 secantes
1582 2872 1622 2919 B
1647 2873 1687 2919 C
1722 2873 1772 2920 in
1798 2873 1846 2920 H

478 2945 528 2984 et
576 2939 613 2985 I.
715 2940 765 2987 Si
806 2941 909 3003 jam
950 2950 1187 3004 punctum
1231 2945 1271 2992 A
1318 2945 1622 3012 intelligatur
1662 2947 1846 2997 moveri
