1936 3262
252 393 369 426 PARS
387 394 454 426 ΙΙΙ.

330 438 377 471 17.

205 529 287 560 Tran
293 530 386 580 slatio

203 579 433 613 proprietatum

203 618 412 656 quarundam,
422 623 470 651 etc

486 270 583 312 220
814 280 883 313 DE
911 280 1252 314 RATIONIBUS
1279 281 1538 314 MOTUUM.

487 390 531 437 D
546 391 585 437 E
602 391 642 438 B
658 391 712 450 C,
746 392 785 439 E
802 393 846 439 K
864 393 904 440 Β
920 393 971 450 F,
1010 399 1063 439 ut
1081 392 1533 455 parallelogramma
1555 391 1600 438 A
1615 391 1668 449 C,
1694 391 1717 438 I
1735 391 1788 450 F,
1810 391 1864 441 id

487 472 577 523 est,
601 465 652 513 in
679 466 871 514 ratione
904 466 1177 529 composita
1210 467 1525 514 altitudinum
1560 473 1611 513 et
1643 465 1859 522 basium;

489 540 720 604 quoniam
764 557 880 605 ergo
923 541 1131 589 altitudo
1174 542 1214 588 B
1231 542 1269 589 C
1309 542 1372 589 ad
1417 540 1726 589 altitudinem
1770 542 1810 589 B
1824 542 1861 589 F

487 616 687 678 ponitur
711 632 815 664 esse
839 617 890 663 in
913 616 1104 663 ratione
1126 616 1316 663 basium
1339 617 1383 663 D
1401 617 1454 674 C,
1484 617 1521 663 F
1537 616 1577 663 E
1602 614 1860 678 triplicata,

487 691 581 738 erit
602 692 761 754 figura
784 692 828 739 D
843 693 882 739 E
899 692 938 739 B
959 692 998 739 C
1030 691 1094 739 ad
1114 691 1323 754 figuram
1350 692 1390 739 E
1412 692 1457 738 K
1473 691 1513 738 B
1529 691 1566 737 F
1596 690 1648 737 in
1672 689 1861 738 ratione

486 765 530 813 D
548 766 586 814 C
609 767 672 814 ad
695 768 785 814 FE
811 766 1197 830 quadruplicata.
1265 766 1448 814 Eadem
1470 764 1703 812 methodo
1727 765 1860 814 inve-

485 841 581 888 niri
617 849 782 904 potest
822 842 949 889 ratio
987 841 1246 904 cujuslibet
1281 858 1341 889 ex
1374 841 1580 889 trilineis
1614 839 1861 902 praedictis¹

485 916 548 964 ad
561 925 753 979 partem
768 918 986 980 ejusdem
1001 933 1340 980 quamcunque
1355 916 1619 964 abscissam
1632 931 1662 962 a
1677 915 1860 963 vertice

484 999 622 1039 recta
642 992 749 1040 basi
770 992 1015 1055 parallela.
1784 978 1788 983 ⁴

549 1068 578 1115 J
581 1084 660 1114 am
696 1068 823 1115 sicut
853 1069 1024 1131 figurae
1049 1067 1193 1115 dictae
1226 1067 1483 1130 descriptae
1518 1065 1866 1127 intelligunturv

485 1159 542 1190 ex
580 1143 711 1201 base,
743 1151 863 1206 puta
899 1143 1012 1201 CD,
1051 1143 1364 1190 decrescente
1397 1141 1553 1189 donec
1587 1139 1777 1187 desinat
1807 1139 1858 1188 in
1893 1192 1897 1195 ,

481 1225 683 1280 puncto,
703 1225 760 1265 ut
783 1218 834 1265 in
858 1219 914 1276 Β,
930 1218 1000 1265 ita
1019 1218 1165 1264 etiam
1185 1216 1440 1278 descriptae
1455 1214 1638 1263 eaedem
1652 1213 1856 1277 intelligi

481 1300 688 1355 possunt
711 1309 740 1340 a
758 1301 959 1356 puncto,
986 1300 1043 1340 ut
1076 1293 1132 1350 Β,
1167 1299 1417 1339 crescente
1446 1290 1602 1338 donec
1636 1288 1858 1351 acquirat
1900 1349 1910 1356 „

482 1367 871 1431 magnitudinem
896 1368 1178 1430 quamlibet,
1203 1374 1259 1414 ut
1283 1367 1321 1414 C
1336 1366 1395 1413 D.
1910 1356 1914 1358 ’

548 1443 858 1506 Intelligatur
877 1443 1028 1506 igitur
1051 1459 1080 1490 a
1101 1451 1286 1506 puncto
1312 1442 1352 1489 Β
1373 1447 1622 1488 crescente
1645 1439 1698 1486 in
1720 1455 1855 1502 mag-

481 1518 756 1566 nitudinem
780 1518 818 1566 C
833 1518 893 1576 D,
915 1518 1161 1581 descripta
1184 1518 1224 1564 B
1238 1518 1277 1563 E
1293 1517 1336 1563 D
1353 1516 1405 1563 C.
1476 1513 1720 1563 Quoniam
1738 1529 1855 1577 ergo

483 1595 522 1642 B
539 1595 577 1641 C
610 1601 685 1641 est
711 1594 775 1641 ad
803 1594 841 1640 B
858 1594 894 1640 F
927 1593 978 1640 in
1011 1593 1201 1640 ratione
1238 1591 1334 1639 CD
1372 1590 1435 1638 ad
1466 1589 1556 1636 FE
1593 1588 1854 1652 triplicata,
1904 1599 1910 1625 ἰ

482 1670 575 1717 erit
598 1669 903 1727 invertendo,
921 1676 978 1715 ut
994 1685 1109 1715 mox
1133 1666 1459 1722 ostendemus,
1484 1664 1573 1711 FE
1597 1663 1661 1710 ad
1683 1663 1722 1710 C
1736 1663 1779 1710 D
1803 1663 1854 1710 in

478 1745 669 1792 ratione
694 1745 733 1791 B
749 1745 785 1791 F
808 1743 871 1791 ad
895 1744 934 1790 Β
951 1743 989 1790 C
1011 1742 1272 1805 triplicata.
1323 1739 1574 1803 Siquidem
1588 1754 1704 1801 ergo
1719 1746 1855 1786 recta
1877 1743 1880 1747 ’

479 1821 519 1867 Β
536 1820 574 1867 C
598 1826 817 1866 sumatur
839 1834 928 1881 pro
953 1833 1180 1864 mensura
1199 1815 1433 1878 temporis
1451 1814 1502 1860 in
1518 1829 1614 1876 quo
1630 1821 1854 1861 movetur

476 1902 715 1957 punctum
739 1894 795 1952 Β,
811 1891 1183 1956 repraesentabit
1200 1892 1360 1953 figura
1380 1890 1420 1936 E
1437 1889 1481 1936 K
1498 1889 1538 1935 B
1553 1889 1590 1934 F
1614 1903 1851 1935 summam

478 1970 696 2017 omnium
739 1968 1056 2016 velocitatum
1102 1965 1426 2013 crescentium
1470 1971 1692 2026 tempore
1739 1963 1779 2010 B
1799 1963 1853 2021 F,-

479 2052 530 2092 et
555 2045 713 2108 figura
736 2044 780 2091 D
794 2045 833 2091 E
850 2044 889 2090 B
905 2042 943 2090 C
970 2040 1342 2105 repraesentabit
1370 2055 1607 2087 summam
1635 2037 1852 2086 omnium

477 2120 793 2167 velocitatum
821 2117 1147 2167 crescentium
1175 2123 1395 2178 tempore
1412 2110 1464 2161 ‘B
1481 2114 1534 2161 C.
1607 2112 1854 2161 Quoniam*

477 2195 628 2258 igitur
671 2196 829 2257 figura
866 2192 1076 2240 EKBF
1112 2200 1187 2238 est
1222 2190 1285 2238 ad
1319 2190 1526 2253 figuram
1558 2187 1766 2235 DEBC
1800 2187 1851 2234 in

477 2271 668 2318 ratione
700 2269 1015 2317 altitudinum
1050 2274 1101 2313 et
1130 2266 1321 2313 basium
1355 2262 1641 2326 composita,
1679 2269 1849 2324 estque

475 2346 602 2393 ratio
634 2346 724 2392 FE
752 2345 814 2392 ad
847 2344 943 2391 OD
979 2342 1225 2405 triplicata
1259 2340 1463 2388 rationis
1501 2338 1593 2385 BF
1628 2337 1691 2384 ad
1726 2337 1849 2391 BC;
1902 2374 1905 2375 γ

477 2421 571 2469 erit
592 2421 751 2483 figura
781 2420 821 2467 E
837 2420 882 2466 K
898 2419 937 2465 Β
952 2419 989 2464 F
1023 2417 1086 2464 ad
1116 2418 1323 2479 figuram
1350 2415 1394 2462 D
1408 2415 1448 2461 E
1463 2414 1503 2460 B
1519 2413 1558 2460 C
1584 2412 1636 2459 in
1659 2411 1849 2459 ratione

478 2497 518 2543 B
533 2497 570 2543 F
594 2495 657 2543 ad
681 2496 721 2542 Β
737 2495 775 2542 C
799 2492 1183 2557 quadruplicata,
1215 2491 1310 2537 hoc
1338 2495 1428 2547 est,
1462 2503 1650 2535 summa
1670 2485 1848 2534 veloci-

477 2577 637 2617 tatum
682 2584 778 2632 qua
822 2568 921 2615 itur
965 2574 1185 2628 tempore
1231 2565 1271 2611 Β
1286 2565 1337 2622 F,
1385 2570 1459 2610 est
1503 2561 1567 2609 ad
1612 2576 1848 2608 summam

475 2645 790 2692 velocitatum
816 2658 912 2705 qua
937 2641 1038 2688 itur
1064 2648 1284 2702 tempore
1319 2638 1359 2685 B
1375 2637 1429 2695 C,
1457 2636 1509 2683 in
1541 2635 1732 2682 ratione
1757 2635 1796 2681 B
1812 2635 1848 2681 F

475 2721 539 2767 ad
584 2721 624 2767 Β
640 2720 679 2767 O
724 2715 1107 2781 quadruplicata.
1190 2714 1362 2774 ltaque
1402 2711 1443 2758 si
1486 2709 1665 2757 mobile
1710 2708 1761 2756 in
1806 2708 1846 2755 B

474 2802 729 2843 moveatur
772 2792 1033 2839 velocitate
1080 2789 1150 2835 ita
1196 2793 1462 2843 crescente,
1510 2791 1567 2831 ut
1613 2783 1846 2831 velocitas

474 2879 693 2933 tempore
726 2870 817 2916 BF
848 2865 1086 2929 acquisita
1109 2863 1173 2911 sit
1202 2862 1264 2910 ad
1286 2860 1596 2910 velocitatem
1627 2866 1846 2920 tempore
