1936 3262
560 264 631 298 DE
660 262 1022 298 SYLLoelsMO.
1420 250 1479 294 41

46 367 255 441 {meque
282 376 371 424 fiet
393 374 719 441 syllogismus
734 395 752 431 ;
789 376 854 424 sit
884 375 1016 423 enim
1052 372 1212 420 minor
1246 372 1486 420 terminus

55 458 58 462 ’
75 451 248 508 stomun,
271 451 462 500 medius
485 451 689 511 animal,
716 452 879 514 major
904 451 998 509 leo,
1030 457 1080 497 et
1100 449 1200 497 sint
1218 448 1484 512 praemissae

1555 397 1671 431 PARS
1690 401 1718 434 1.

1620 444 1650 475 4.

74 527 254 592 {omnis
277 527 416 575 homo
442 533 520 575 εει
550 526 754 584 animal,
793 526 1042 591 quoddam
1065 523 1257 573 animal
1289 532 1366 572 est
1389 524 1482 583 leo,
1501 550 1534 582 in
1550 556 1683 594 utraque

47 604 53 666 ]
88 596 197 653 'non
220 611 455 668 sequetur
478 611 661 662 tamen,
686 620 870 651 omnem
893 609 983 650 aut
1005 601 1222 666 aliquem
1246 599 1483 648 hominem

54 702 56 707 >
94 694 205 727 εεεε
241 678 441 727 leonem.
510 680 586 727 Ex
624 695 721 743 quo
754 678 1050 743 intelligitur
1087 677 1139 725 in
1169 675 1305 724 omni
1338 676 1485 740 syllo-

47 791 50 796 .
87 753 270 819 :gismo,
317 755 452 803 illam
491 754 883 819 propositionem
930 769 1041 818 quae
1084 752 1236 801 habet
1277 751 1487 799 medium

17 861 35 878 2,
91 830 362 879 terminum
397 847 488 895 pro
530 830 768 894 subjecto,
808 830 987 878 debere
1024 845 1132 877 esse
1169 836 1255 877 aut
1291 828 1488 876 univer-

34 957 45 962 ,
86 905 269 966 salem,
307 914 394 956 aut
417 906 744 971 singularem,
779 923 881 954 non
917 913 1085 954 autem
1114 903 1489 970 particularem

87 998 258 1047 :neque
303 982 630 1045 indefinitam.
700 982 925 1046 Exempli
972 997 1136 1039 causa,
1177 980 1488 1045 syllogismus

97 1058 178 1107 hic
210 1058 370 1106 omnis.
396 1058 536 1106 homo
560 1064 638 1106 εει
670 1057 875 1118 animal,
914 1057 1167 1122 quoddam
1199 1056 1392 1105 animal
1412 1063 1490 1105 εει

31 1142 43 1199 [5
97 1134 407 1200 quadrupes,
447 1151 574 1200 ergo
621 1134 825 1199 quidam
871 1134 1009 1182 homo
1055 1140 1134 1182 ext
1180 1133 1488 1198 quadrupes,

96 1210 210 1260 ideo
232 1209 440 1259 vitiosus
465 1217 556 1270 est,
591 1210 707 1274 quia
729 1210 920 1258 medius
952 1210 1193 1258 terminus
1217 1209 1408 1258 animal
1438 1210 1491 1257 in

95 1285 262 1351 priore
284 1286 539 1350 praemissa
562 1286 626 1334 ad
647 1285 900 1334 hominem
932 1286 1091 1333 solum
1116 1285 1489 1345 determinatur,

97 1362 306 1411 dicimus
353 1362 484 1410 enim
534 1362 630 1410 hoc
677 1370 874 1410 tantum
897 1361 1101 1410 ranimal
1157 1378 1263 1410 esse
1308 1378 1492 1410 nomen

37 1447 42 1467 2
96 1438 328 1496 hominis,
364 1438 417 1486 in
440 1438 717 1502 posteriore
741 1454 858 1486 vero
884 1438 945 1486 de
969 1438 1134 1502 aliquo
1159 1438 1255 1486 alio
1280 1438 1491 1486 animale

96 1522 280 1580 praeter
316 1514 568 1562 hominem
601 1513 812 1578 intelligi
834 1521 1016 1577 potest.
1086 1514 1156 1562 At
1180 1514 1221 1562 si
1243 1515 1491 1578 posterior

27 1589 38 1652 j
96 1590 272 1640 fuisset
289 1590 596 1650 universalis,
620 1597 678 1638 ut
699 1591 797 1649 hic,
824 1590 983 1638 omnis
1008 1591 1147 1638 homo
1172 1597 1249 1638 εει
1286 1590 1490 1650 animal,

34 1669 43 1713 ζ’
97 1683 237 1715 omne
278 1665 471 1714 animal
513 1672 592 1714 εει
628 1683 829 1730 corpus,
870 1682 1006 1730 ergo,
1045 1666 1201 1714 omui-s·
1238 1666 1377 1714 homo
1414 1673 1492 1714 εει

96 1758 299 1807 corpus,
346 1741 658 1806 syllogismus
695 1741 871 1790 fuisset
915 1742 1182 1806 legitimus,
1226 1750 1492 1807 sequutum

3 1820 42 1850 7
99 1817 232 1867 enim
268 1825 399 1866 esset
441 1833 619 1881 corpus
657 1834 763 1866 esse
810 1819 970 1867 omnis
1016 1819 1257 1878 animaliS,
1304 1819 1357 1867 id
1399 1828 1489 1878 est,

99 1893 252 1943 etiam
272 1893 488 1942 hominis
512 1909 711 1953 nomen,
736 1894 789 1942 id
812 1902 903 1954 est,
928 1911 1097 1943 veram
1119 1895 1271 1943 fuisse
1292 1896 1493 1943 conclu-

100 1969 292 2019 sionem
337 1968 494 2016 omnis
550 1968 689 2016 homo
735 1976 814 2018 εει
860 1987 1061 2035 corpus.
1169 1971 1406 2019 Similiter
1452 1971 1494 2020 si

31 2090 34 2091 γ
99 2045 292 2094 medius
329 2045 570 2093 terminus
608 2045 673 2093 sit
714 2045 962 2110 singulare
999 2063 1197 2106 nomen,
1234 2049 1322 2096 fiet
1346 2048 1494 2112 syllo-

100 2121 303 2186 gismus,
361 2121 551 2169 inutilis
599 2121 798 2186 quidem
843 2123 908 2171 ad
964 2123 1347 2187 Philosophiam,
1406 2123 1494 2172 sed

3 2186 30 2252 ³4-
100 2205 268 2254 tamen
314 2197 642 2261 syllogismus,
702 2206 760 2246 ut
816 2199 914 2258 hic,
976 2199 1180 2263 quidam
1235 2200 1373 2247 homo
1417 2207 1495 2248 εει

5 2280 37 2306 ὲ
103 2274 360 2332 Socrates,
386 2272 629 2321 Socrates
655 2280 732 2321 εει
747 2274 1103 2339 philosophus,
1128 2292 1263 2339 ergo,
1289 2275 1494 2340 quidam

7 2375 37 2420 -·,.'
102 2349 242 2397 homo
280 2354 358 2396 εει
385 2348 760 2413 philosophum
795 2366 912 2398 nam
936 2351 1182 2400 concessis
1210 2352 1493 2415 praemissis,

3 2420 55 2476 ’ἶ
102 2424 278 2489 negari
301 2424 554 2473 conclusio
579 2442 679 2474 non
703 2434 886 2490 potest.

173 2506 218 2548 5.
253 2501 329 2548 Ex
352 2499 542 2548 duabus
565 2515 684 2565 ergo
708 2503 974 2565 praemissis
993 2503 1046 2551 in
1066 2503 1243 2567 quibus
1258 2505 1496 2554 ambabus

103 2575 295 2624 medius
336 2576 576 2624 terminus
614 2585 690 2625 est
735 2579 1064 2642 particularis,
1107 2596 1208 2627 non
1250 2581 1308 2628 fit
1349 2581 1496 2645 syllo-

38 2654 40 2659 ’
103 2651 322 2716 gismus;
357 2667 472 2699 nam
510 2652 612 2700 sive
636 2653 826 2702 medius
859 2655 1099 2702 term-inus
1124 2656 1188 2703 sit
1210 2656 1262 2703 in
1285 2665 1496 2722 utraque

6 2725 43 2768 “ef
103 2727 361 2792 -praemissa
396 2727 683 2791 subjectum,
721 2730 823 2778 sive
846 2731 898 2778 in
922 2739 1133 2795 utraque
1156 2733 1496 2795 praedicatum,

107 2802 210 2852 sive
233 2803 286 2852 in
309 2803 466 2852 altera
489 2805 766 2869 subjectum
790 2807 841 2855 in
861 2807 1019 2856 altera
1030 2807 1370 2872 praedicatum,
1394 2828 1496 2861 non

1500 597 1717 636 propositione

1501 638 1734 673 determinatus

1502 682 1542 713 ad
1556 693 1624 714 rem
1638 694 1738 717 unam

1503 731 1536 757 et
1550 727 1696 761 eandem.

1515 2519 1568 2551 Ex
1583 2519 1706 2551 duabus

1514 2564 1758 2604 particularibus

1514 2608 1595 2639 nihil
1611 2608 1757 2639 infertur.
