1936 3262
562 277 674 306 vrrAE
696 276 941 306 nonmANAE
962 275 1240 305 Auc'rARmM.
1569 262 1628 304 xli

180 418 185 420 —
240 385 337 431 Jam
375 402 473 430 vero
506 403 601 431 cum
637 388 680 430 in
720 387 886 430 infinita
923 402 1031 446 pene
1070 387 1339 429 materiarum
1385 386 1499 443 sylva
1541 402 1629 429 sese

179 477 386 527 ‘hactenus
404 487 611 521 versatum
632 478 757 521 fuisse
787 478 1084 536 perpendisset,
1120 477 1275 519 veritus
1309 492 1375 528 ne,
1412 492 1507 534 quae
1528 476 1626 519 olim

182 584 370 612 seorsum
388 568 630 626 prodierant
649 583 788 626 opera,
809 568 924 611 velut
944 570 1116 626 Sibylloe
1133 567 1243 619 folia,
1273 567 1425 625 passim
1446 567 1630 624 dispersa

184 658 432 711 volitarent3
462 660 615 717 scripta
645 674 720 702 sua
751 659 795 701 in
824 674 958 702 unum
987 658 1284 716 compingendi
1305 657 1502 700 disiderio
1522 658 1628 701 fere-

183 749 322 793 batur.
381 749 527 800 Quare
560 750 686 792 versis
720 749 763 791 in
801 750 1003 792 Latinum
1038 765 1134 806 quae
1170 749 1248 791 sibi
1277 748 1496 791 commoda
1514 749 1629 792 vide-

183 841 365 892 bantur3
404 841 637 899 praesertim
681 841 927 899 famigerato
967 842 1246 891 Leviatlaane,
1301 855 1427 897 quem
1466 840 1630 898 adjecta

181 932 414 990 appendice
432 933 660 976 auctiorem
679 933 804 984 fecit3
835 933 1030 975 universa
1058 931 1181 974 simul
1210 931 1341 989 praelo
1369 932 1630 975 committere

178 1022 323 1066 >animo
341 1022 575 1066 destinavit.
635 1024 746 1067 Cum
775 1034 915 1066 autem
948 1024 1002 1066 ab
1033 1021 1113 1064 illis
1133 1022 1204 1080 qui
1227 1032 1327 1065 tunc
1346 1022 1478 1080 praelo
1498 1023 1629 1080 impe-

149 1138 159 1146 ·
179 1113 347 1166 rabant,
367 1114 484 1172 apud
513 1114 822 1166 Londinenses,
846 1113 1121 1164 oxonienses,
1143 1123 1217 1156 aut
1249 1113 1627 1171 Cantabrigienses,

182 1200 566 1262 typorum'licentia
585 1205 800 1263 impetrari
821 1220 906 1248 non
926 1214 1102 1262 poterat,
1124 1204 1330 1246 destinato
1359 1204 1629 1248 nihilominus

181 1295 393 1352 proposito
413 1296 568 1340 obnixe
588 1297 787 1348 intentus,
807 1311 934 1354 opera
946 1311 1021 1338 sua
1037 1294 1340 1337 Amstelodami
1353 1295 1631 1352 imprimenda

183 1386 356 1430 tradidit
374 1388 529 1431 Joanni
552 1388 744 1439 Blauvio,
767 1388 856 1429 viro
876 1387 1048 1444 optimo,
1081 1395 1125 1429 et
1158 1386 1219 1429 rei
1250 1385 1444 1429 literariae
1464 1403 1631 1444 promo-

180 1479 330 1522 vendae
359 1479 683 1530 studiosissim03
714 1480 833 1536 cujus
864 1478 1069 1520 industria
1099 1476 1268 1528 factum,
1305 1486 1352 1519 ut
1385 1492 1497 1520 anno
1519 1481 1627 1522 1668

180 1570 470 1629 pulcherrimis
504 1570 614 1627 typis
649 1585 846 1627 expressa
875 1573 919 1610 in
954 1568 1171 1626 publicum
1210 1567 1456 1625 prodierint.
1517 1569 1627 1619 Quae

179 1663 305 1706 etiam
337 1677 422 1705 non
464 1661 597 1705 multo
637 1672 731 1720 post
766 1663 809 1704 in
849 1660 1145 1704 bibliothecam
1184 1660 1292 1703 aulae
1328 1660 1627 1718 Magdalensis,

179 1754 300 1812 cujus
337 1753 438 1797 olim
476 1754 671 1797 alumnus
710 1754 861 1805 fuerat,
913 1754 956 1795 in
1005 1753 1114 1811 grati
1157 1752 1286 1795 animi
1330 1752 1626 1805 testimonium,

179 1845 384 1889 submisit.

238 1936 420 1988 Interea,
436 1936 634 1980 Hobbius
649 1951 803 1994 magna
822 1935 981 1994 ingenii
1001 1934 1135 1993 gloria
1149 1934 1335 1986 celebris,
1352 1935 1406 1978 ab
1426 1935 1628 1978 universis

178 2036 342 2071 summo
365 2028 525 2076 honore
543 2027 814 2079 afficiebatur,
840 2037 966 2084 atque
993 2026 1112 2069 illum
1142 2041 1227 2069 non
1257 2026 1390 2069 solum
1420 2026 1626 2078 colebant,

180 2118 254 2176 qui
274 2117 435 2177 aliquid
454 2119 499 2160 in
528 2118 790 2176 philosophia
818 2118 1030 2175 percipere
1058 2126 1186 2175 atque
1214 2117 1360 2160 audire
1388 2117 1625 2169 studebant,

176 2225 325 2253 verum
359 2211 487 2254 etiam
521 2211 556 2254 si
592 2211 666 2269 qui
698 2211 805 2253 forte
839 2209 1104 2253 simulabant.
1167 2209 1326 2252 Omnes
1365 2210 1515 2267 passim
1554 2220 1628 2253 aut

175 2316 334 2359 genere
353 2312 426 2346 aut
444 2302 667 2346 literatura
696 2302 870 2354 nobiles,
893 2302 965 2360 qui
985 2301 1144 2359 aliquid
1164 2301 1218 2343 de
1237 2301 1415 2358 ingeniis
1434 2310 1628 2358 poterant

171 2391 377 2449 judicare,
398 2393 517 2437 illurn
540 2394 781 2452 cognitione
809 2403 937 2451 atque
965 2393 1148 2436 amicitia
1177 2408 1251 2434 sua
1280 2392 1455 2450 dignum
1485 2393 1626 2435 existi-

177 2483 363 2527 mabant.
423 2484 679 2529 Exterorum
700 2485 962 2529 doctissimus
989 2485 1166 2543 quisque
1196 2484 1268 2542 qui
1299 2484 1501 2541 Angliam
1530 2500 1626 2527 nos·-

179 2582 286 2617 tram
308 2575 516 2628 inviseret,
534 2577 590 2620 ad
606 2577 741 2635 ipsum
758 2577 876 2635 quasi
891 2576 1164 2634 philosophiae
1181 2575 1393 2633 quoddam
1409 2575 1622 2618 oraculum

159 2660 544 2723 proficiscebatur:
566 2655 680 2726 'quin
715 2668 840 2710 etiam
872 2667 1000 2726 legati
1030 2676 1158 2724 atque
1186 2666 1393 2723 principes
1422 2675 1623 2724 tanquam

176 2755 231 2799 ad
251 2756 462 2815 singulare
481 2760 619 2817 gentis
639 2771 793 2803 nostrae
814 2768 1109 2802 ornamentum
1129 2758 1409 2800 confluebant.

235 2848 364 2892 Anno
396 2853 502 2893 1669
535 2851 712 2894 Cosmus
742 2851 975 2904 Mediceus‚
1006 2849 1264 2893 Ferdinandi
1296 2849 1466 2892 secundi
1498 2849 1620 2900 filius,

178 2940 362 2984 Etruriae
407 2942 611 2999 princeps,
661 2943 766 2986 tanti
805 2942 1040 3000 philosophi
1079 2941 1190 2984 fama
1237 2951 1462 2999 permotus,
1503 2941 1621 2984 illum
