1936 3262
379 266 465 308 xlvi
746 282 857 311 vrrAE
881 283 1122 312 HOBBIANAE
1144 283 1423 314 AUCTARIUM.

379 406 474 433 cum
506 401 598 447 post
631 392 855 434 triennium
890 392 1136 448 perfecisset,
1172 408 1267 436 cum
1297 395 1442 436 eodem
1473 395 1516 436 in
1553 394 1731 437 Galliam
1760 404 1805 439 et

379 480 544 522 Italiam
563 490 606 523 et
624 481 701 524 viae
717 492 759 524 et
778 482 874 524 vitae
893 482 980 524 dux
999 483 1283 540 peregrinatus
1303 494 1377 527 est.
1437 484 1553 526 Dum
1573 494 1804 528 moraretur

380 569 559 621 Parisiis,
590 571 792 628 principia
811 572 992 615 scientiae
1013 573 1210 616 naturalis
1230 574 1476 632 investigare
1495 575 1633 631 coepit.
1693 576 1802 618 Cum

376 673 474 701 vero
500 660 590 702 haec
619 660 664 701 in
693 670 843 703 natura
862 671 905 703 et
924 662 1120 704 varietate
1146 672 1335 705 motuum
1363 664 1667 715 contineantur,
1688 677 1807 722 quae-'

376 749 471 791 sivit
489 749 689 806 imprimis
710 750 842 807 qualis
860 760 996 793 motus
1011 752 1045 794 is
1065 766 1151 794 esse
1162 763 1309 809 posset,
1328 754 1400 810 qui
1415 753 1539 796 efficit
1557 753 1802 804 sensionem,

376 840 646 891 intellectum,
680 841 980 897 phantasmata,
1017 842 1199 899 aliasque
1231 844 1501 901 proprietates
1535 843 1804 896 animalium3

374 931 562 988 cogitatis
581 932 676 982 suis,
698 947 793 974 cum
815 932 983 974 Marino
1000 932 1239 985 Mersenno,
1269 935 1425 977 ordinis
1442 934 1731 986 Minimorum,
1757 934 1803 976 in

374 1021 488 1063 omni
499 1036 652 1079 genere
666 1021 935 1078 philosophiae
947 1023 1232 1075 versatissimo,
1246 1028 1414 1083 viroque
1427 1030 1605 1081 optim&
1616 1023 1804 1081 quotidie

372 1110 697 1152 communicatis.
756 1111 840 1152 An.
867 1111 992 1154 Dom.
1019 1115 1140 1163 1638,
1173 1128 1267 1155 cum
1297 1113 1455 1170 pupillo
1474 1128 1548 1155 suo
1571 1115 1702 1168 (nunc
1729 1128 1803 1170 pa-

373 1201 513 1254 trono)
537 1201 579 1241 in
602 1200 801 1258 Angliam
821 1216 1020 1252 reversus,
1042 1201 1086 1242 in
1106 1203 1194 1258 ejus
1223 1201 1379 1244 familia
1397 1202 1593 1253 convixit,
1614 1202 1802 1246 instituto

371 1290 538 1331 interim
585 1305 680 1332 cum
731 1290 960 1334 Mersenno
999 1292 1212 1348 praedicto,
1261 1292 1314 1334 de
1357 1293 1480 1335 rebus
1529 1292 1801 1344 naturalibus,

370 1380 580 1436 epistolari
601 1382 859 1424 commercio,
920 1382 1087 1425 Interea
1110 1383 1235 1433 Scoti,
1256 1382 1438 1439 dep'ulsis
1456 1382 1668 1439 episcopis,
1689 1397 1802 1425 sum-

370 1480 514 1513 serunt
542 1486 657 1514 arma
685 1481 829 1514 contra
859 1487 1013 1529 regem,
1050 1472 1282 1515 faventibus
1316 1472 1440 1514 etiam
1474 1472 1674 1515 ministris
1706 1472 1799 1524 illis,

370 1560 442 1617 qui
472 1561 608 1603 vocari
637 1561 770 1604 solent
801 1562 1121 1619 Presbyteriani.
1182 1562 1331 1618 Itaque
1359 1570 1628 1604 convocatum
1661 1571 1724 1605 est
1755 1563 1800 1605 in

371 1651 526 1708 Anglia
566 1651 892 1694 Parliamentum
931 1652 1036 1695 illud
1073 1653 1344 1703 notissimum,
1376 1652 1490 1710 quod
1528 1652 1800 1696 inchoabatur

369 1744 394 1783 3
418 1741 526 1784 Nov.
560 1745 680 1784 1640.
741 1741 809 1784 Ex
828 1742 876 1784 iis
897 1757 991 1799 quae
1020 1743 1063 1784 in
1098 1743 1377 1785 Parliamento
1407 1743 1538 1786 tribus
1567 1752 1796 1800 quatuorve

368 1830 514 1873 diebus
546 1831 688 1888 primis
723 1832 910 1874 consulta
947 1832 1119 1884 viderat,
1174 1833 1330 1876 bellum
1368 1833 1487 1876 civile
1523 1833 1720 1890 ingruere
1755 1842 1799 1875 et

371 1930 534 1963 tantum
562 1936 647 1963 non
679 1921 820 1963 adesse
856 1922 1049 1972 sentiens,
1085 1922 1227 1964 retulit
1257 1938 1300 1965 se
1337 1937 1478 1965 rursus
1515 1922 1560 1963 in
1600 1921 1795 1974 Galliam,

367 2013 632 2056 scientiarum
651 2013 787 2055 studio
810 2013 977 2055 Parisiis
1010 2013 1138 2056 tutius
1173 2023 1403 2064 vacaturus,
1436 2028 1530 2056 cum
1553 2013 1794 2065 Mersenno,

370 2103 598 2154 Gassendo,
619 2102 791 2160 aliisque
811 2103 908 2145 viris
927 2104 1116 2161 egregiis,
1146 2113 1316 2161 propter
1342 2103 1630 2154 eruditionem,
1650 2112 1693 2146 et
1711 2103 1795 2146 vim

367 2193 412 2234 in
431 2193 716 2236 ratiocinando
736 2193 1025 2236 celeberrimis.
1085 2194 1195 2237 Cum
1205 2195 1295 2251 jam
1316 2193 1482 2236 Parisiis
1501 2202 1654 2251 ageret,
1675 2193 1794 2236 libel-

364 2283 453 2325 lum
473 2284 634 2340 scripsit
652 2286 774 2327 rebus
785 2287 1087 2340 pen-miscendis
1103 2287 1278 2337 natumss
1299 2286 1365 2326 De
1383 2285 1492 2334 Cive,
1514 2297 1637 2340 quem
1652 2293 1794 2340 postea

364 2374 504 2416 revisit
522 2383 565 2415 et
583 2374 700 2416 auxit
710 2389 722 2424 3
744 2388 827 2430 quo
847 2373 964 2430 quasi
985 2383 1183 2429 tempore,
1198 2371 1518 2429 praevalentibus
1536 2372 1792 2416 Parliatnen-

364 2463 489 2513 tariis,
525 2462 646 2504 multi
666 2477 809 2504 eorum
831 2462 903 2519 qui
923 2472 1060 2519 partes
1080 2462 1214 2519 regias
1234 2461 1397 2519 sequuti
1423 2471 1555 2513 erant,
1586 2471 1630 2504 et
1647 2462 1692 2504 in
1711 2463 1791 2505 illis

368 2553 566 2609 Princeps
602 2552 761 2595 Walliae
800 2553 891 2610 (qui
925 2568 1037 2595 nunc
1072 2552 1253 2610 regnat),
1292 2552 1468 2594 Parisios
1487 2553 1789 2596 confluxerunt»

370 2643 582 2685 Statuerat
601 2644 710 2686 circa
728 2643 839 2685 idem
864 2653 1038 2700 tempus,
1071 2643 1237 2686 hortatu
1267 2642 1388 2685 amici
1407 2643 1621 2699 cujusdam
1639 2643 1788 2686 nobilis

364 2733 555 2776 Occitani
575 2733 755 2790 migrare
774 2734 817 2775 in
847 2734 1117 2784 Occitaniam,
1154 2743 1196 2776 et
1221 2732 1474 2790 praemiserat
1487 2733 1576 2789 jam
1596 2749 1690 2791 quae
1709 2733 1787 2776 sibi

446 2875 465 2913 †
490 2873 560 2905 Hoc
573 2874 612 2905 ab
628 2874 737 2906 eodem
754 2875 848 2906 etiam
864 2875 1014 2906 deletum.
1192 2872 1208 2916 Σ
1233 2874 1310 2905 Haec
1324 2874 1363 2905 ab
1377 2874 1487 2905 eodem
1501 2873 1694 2915 interposita.
