<?xml version="1.0" encoding="UTF-8"?>
<!DOCTYPE html PUBLIC "-//W3C//DTD XHTML 1.0 Transitional//EN"
    "http://www.w3.org/TR/xhtml1/DTD/xhtml1-transitional.dtd">
<html xmlns="http://www.w3.org/1999/xhtml" xml:lang="en" lang="en">
 <head>
  <title>
</title>
<meta http-equiv="Content-Type" content="text/html;charset=utf-8" />
  <meta name='ocr-system' content='tesseract 3.04.00' />
  <meta name='ocr-capabilities' content='ocr_page ocr_carea ocr_par ocr_line ocrx_word'/>
</head>
<body>
  <div class='ocr_page' id='page_1' title='image "./operaphilosophic01hobbuoft_0478.png"; bbox 0 0 1910 3256; ppageno 0'>
   <div class='ocr_carea' id='block_1_1' title="bbox 1835 0 1910 306">
    <p class='ocr_par' dir='ltr' id='par_1_1' title="bbox 1835 0 1910 306">
     <span class='ocr_line' id='line_1_1' title="bbox 1835 0 1910 306; baseline 0 2950"><span class='ocrx_word' id='word_1_1' title='bbox 1835 0 1910 306; x_wconf 95' lang='lat' dir='ltr'> </span> 
     </span>
    </p>
   </div>
   <div class='ocr_carea' id='block_1_2' title="bbox 503 247 1312 291">
    <p class='ocr_par' dir='ltr' id='par_1_2' title="bbox 503 247 1312 291">
     <span class='ocr_line' id='line_1_2' title="bbox 503 247 1312 291; baseline 0.005 -3"><span class='ocrx_word' id='word_1_2' title='bbox 503 247 596 288; x_wconf 83' lang='lat'>354</span> <span class='ocrx_word' id='word_1_3' title='bbox 1060 258 1312 291; x_wconf 85' lang='lat' dir='ltr'>PHYSICA.</span> 
     </span>
    </p>
   </div>
   <div class='ocr_carea' id='block_1_3' title="bbox 253 368 1905 2455">
    <p class='ocr_par' dir='ltr' id='par_1_3' title="bbox 253 356 1905 2447">
     <span class='ocr_line' id='line_1_3' title="bbox 253 368 1876 444; baseline 0.002 -28"><span class='ocrx_word' id='word_1_4' title='bbox 253 369 375 444; x_wconf 46' lang='lat' dir='ltr'>PAlss·</span> <span class='ocrx_word' id='word_1_5' title='bbox 393 370 450 403; x_wconf 75' lang='lat' dir='ltr'>W·</span> <span class='ocrx_word' id='word_1_6' title='bbox 501 368 729 417; x_wconf 86' lang='lat' dir='ltr'>tricitatis</span> <span class='ocrx_word' id='word_1_7' title='bbox 771 377 915 418; x_wconf 87' lang='lat' dir='ltr'>terrae</span> <span class='ocrx_word' id='word_1_8' title='bbox 957 386 1153 418; x_wconf 89' lang='lat' dir='ltr'>causam</span> <span class='ocrx_word' id='word_1_9' title='bbox 1195 370 1492 433; x_wconf 89' lang='lat' dir='ltr'>possibilem.</span> <span class='ocrx_word' id='word_1_10' title='bbox 1577 369 1725 419; x_wconf 76' lang='lat' dir='ltr'>Quod</span> <span class='ocrx_word' id='word_1_11' title='bbox 1751 374 1895 426; x_wconf 75' lang='grc' dir='ltr'><strong>·θι·816</strong></span> 
     </span>
     <span class='ocr_line' id='line_1_4' title="bbox 255 444 793 493; baseline 0.001 -2"><span class='ocrx_word' id='word_1_12' title='bbox 255 459 443 482; x_wconf 55' lang='lat'>⁸-*-—-‘</span> <span class='ocrx_word' id='word_1_13' title='bbox 500 444 793 493; x_wconf 89' lang='lat' dir='ltr'>faciendum.</span> 
     </span>
     <span class='ocr_line' id='line_1_5' title="bbox 567 513 1902 583; baseline 0 -15"><span class='ocrx_word' id='word_1_14' title='bbox 567 520 827 568; x_wconf 87' lang='lat' dir='ltr'>Consentio</span> <span class='ocrx_word' id='word_1_15' title='bbox 851 536 967 583; x_wconf 82' lang='lat' dir='ltr'>ergo</span> <span class='ocrx_word' id='word_1_16' title='bbox 993 521 1218 583; x_wconf 92' lang='lat' dir='ltr'>Keplero,</span> <span class='ocrx_word' id='word_1_17' title='bbox 1249 521 1299 568; x_wconf 91' lang='lat' dir='ltr'>in</span> <span class='ocrx_word' id='word_1_18' title='bbox 1331 537 1387 568; x_wconf 94' lang='lat' dir='ltr'>eo</span> <span class='ocrx_word' id='word_1_19' title='bbox 1425 519 1556 583; x_wconf 92' lang='lat' dir='ltr'>quod</span> <span class='ocrx_word' id='word_1_20' title='bbox 1588 519 1668 567; x_wconf 87' lang='lat' dir='ltr'>ille</span> <span class='ocrx_word' id='word_1_21' title='bbox 1699 535 1873 568; x_wconf 57' lang='lat' dir='ltr'>excen«</span> <span class='ocrx_word' id='word_1_22' title='bbox 1896 513 1902 558; x_wconf 57' lang='lat'>2</span> 
     </span>
     <span class='ocr_line' id='line_1_6' title="bbox 499 595 1905 661; baseline 0 -19"><span class='ocrx_word' id='word_1_23' title='bbox 499 595 761 643; x_wconf 89' lang='lat' dir='ltr'>tricitatem</span> <span class='ocrx_word' id='word_1_24' title='bbox 783 603 926 643; x_wconf 87' lang='lat' dir='ltr'>terrae</span> <span class='ocrx_word' id='word_1_25' title='bbox 961 596 1105 643; x_wconf 91' lang='lat' dir='ltr'>alicui</span> <span class='ocrx_word' id='word_1_26' title='bbox 1139 597 1288 659; x_wconf 89' lang='lat' dir='ltr'>ipsius</span> <span class='ocrx_word' id='word_1_27' title='bbox 1321 603 1465 644; x_wconf 89' lang='lat' dir='ltr'>terrae</span> <span class='ocrx_word' id='word_1_28' title='bbox 1498 595 1713 658; x_wconf 90' lang='lat' dir='ltr'>partium</span> <span class='ocrx_word' id='word_1_29' title='bbox 1736 595 1872 643; x_wconf 81' lang='lat' dir='ltr'>diffe-</span> <span class='ocrx_word' id='word_1_30' title='bbox 1903 659 1905 661; x_wconf 64' lang='lat'>‚</span> 
     </span>
     <span class='ocr_line' id='line_1_7' title="bbox 500 664 1905 734; baseline 0.001 -17"><span class='ocrx_word' id='word_1_31' title='bbox 500 671 672 718; x_wconf 86' lang='lat' dir='ltr'>rentiae</span> <span class='ocrx_word' id='word_1_32' title='bbox 718 671 973 726; x_wconf 81' lang='lat' dir='ltr'>attribuit3</span> <span class='ocrx_word' id='word_1_33' title='bbox 1027 687 1233 734; x_wconf 90' lang='lat' dir='ltr'>quarum</span> <span class='ocrx_word' id='word_1_34' title='bbox 1277 671 1489 733; x_wconf 85' lang='lat' dir='ltr'>partium</span> <span class='ocrx_word' id='word_1_35' title='bbox 1536 669 1739 717; x_wconf 87' lang='lat' dir='ltr'>alteram</span> <span class='ocrx_word' id='word_1_36' title='bbox 1783 664 1905 719; x_wconf 66' lang='lat' dir='ltr'>soliv</span> 
     </span>
     <span class='ocr_line' id='line_1_8' title="bbox 501 743 1896 809; baseline 0 -16"><span class='ocrx_word' id='word_1_37' title='bbox 501 746 720 804; x_wconf 85' lang='lat' dir='ltr'>amicam,</span> <span class='ocrx_word' id='word_1_38' title='bbox 745 746 947 793; x_wconf 89' lang='lat' dir='ltr'>alteram</span> <span class='ocrx_word' id='word_1_39' title='bbox 972 747 1201 809; x_wconf 84' lang='lat' dir='ltr'>supponit</span> <span class='ocrx_word' id='word_1_40' title='bbox 1222 746 1483 793; x_wconf 89' lang='lat' dir='ltr'>inimicam.</span> <span class='ocrx_word' id='word_1_41' title='bbox 1553 745 1611 792; x_wconf 91' lang='lat' dir='ltr'>In</span> <span class='ocrx_word' id='word_1_42' title='bbox 1635 760 1692 792; x_wconf 92' lang='lat' dir='ltr'>eo</span> <span class='ocrx_word' id='word_1_43' title='bbox 1710 743 1896 794; x_wconf 57' lang='lat' dir='ltr'>autem*</span> 
     </span>
     <span class='ocr_line' id='line_1_9' title="bbox 501 819 1890 884; baseline 0.001 -16"><span class='ocrx_word' id='word_1_44' title='bbox 501 821 744 879; x_wconf 88' lang='lat' dir='ltr'>dissentio,</span> <span class='ocrx_word' id='word_1_45' title='bbox 782 821 911 884; x_wconf 90' lang='lat' dir='ltr'>quod</span> <span class='ocrx_word' id='word_1_46' title='bbox 946 821 1041 868; x_wconf 92' lang='lat' dir='ltr'>hoc</span> <span class='ocrx_word' id='word_1_47' title='bbox 1076 821 1183 868; x_wconf 91' lang='lat' dir='ltr'>fieri</span> <span class='ocrx_word' id='word_1_48' title='bbox 1221 820 1301 868; x_wconf 93' lang='lat' dir='ltr'>ille</span> <span class='ocrx_word' id='word_1_49' title='bbox 1339 827 1481 884; x_wconf 92' lang='lat' dir='ltr'>putat</span> <span class='ocrx_word' id='word_1_50' title='bbox 1520 835 1609 883; x_wconf 91' lang='lat' dir='ltr'>per</span> <span class='ocrx_word' id='word_1_51' title='bbox 1640 819 1890 875; x_wconf 64' lang='lat' dir='ltr'>virtutem]</span> 
     </span>
     <span class='ocr_line' id='line_1_10' title="bbox 499 894 1876 958; baseline 0.001 -15"><span class='ocrx_word' id='word_1_52' title='bbox 499 896 837 958; x_wconf 83' lang='lat' dir='ltr'>magneticam.</span> <span class='ocrx_word' id='word_1_53' title='bbox 905 896 1149 943; x_wconf 83' lang='lat' dir='ltr'><strong>Virtutem</strong></span> <span class='ocrx_word' id='word_1_54' title='bbox 1183 903 1347 943; x_wconf 87' lang='lat' dir='ltr'>autem</span> <span class='ocrx_word' id='word_1_55' title='bbox 1380 895 1714 958; x_wconf 84' lang='lat' dir='ltr'>magneticam-</span> <span class='ocrx_word' id='word_1_56' title='bbox 1740 894 1876 944; x_wconf 82' lang='lat' dir='ltr'>illam</span> 
     </span>
     <span class='ocr_line' id='line_1_11' title="bbox 498 969 1879 1018; baseline 0.001 -1"><span class='ocrx_word' id='word_1_57' title='bbox 498 971 598 1017; x_wconf 89' lang='lat' dir='ltr'>sive</span> <span class='ocrx_word' id='word_1_58' title='bbox 630 972 973 1018; x_wconf 82' lang='lat' dir='ltr'>attractionem</span> <span class='ocrx_word' id='word_1_59' title='bbox 1005 978 1054 1017; x_wconf 87' lang='lat' dir='ltr'>et</span> <span class='ocrx_word' id='word_1_60' title='bbox 1088 970 1396 1018; x_wconf 83' lang='lat' dir='ltr'>abactionem</span> <span class='ocrx_word' id='word_1_61' title='bbox 1429 978 1573 1017; x_wconf 88' lang='lat' dir='ltr'>terrae</span> <span class='ocrx_word' id='word_1_62' title='bbox 1607 969 1713 1016; x_wconf 90' lang='lat' dir='ltr'>fieri</span> <span class='ocrx_word' id='word_1_63' title='bbox 1747 969 1879 1018; x_wconf 46' lang='lat' dir='ltr'>arbi&amp;</span> 
     </span>
     <span class='ocr_line' id='line_1_12' title="bbox 496 1035 1905 1109; baseline -0.001 -16"><span class='ocrx_word' id='word_1_64' title='bbox 496 1054 655 1093; x_wconf 87' lang='lat' dir='ltr'>tretur</span> <span class='ocrx_word' id='word_1_65' title='bbox 676 1062 763 1108; x_wconf 90' lang='lat' dir='ltr'>per</span> <span class='ocrx_word' id='word_1_66' title='bbox 786 1047 968 1109; x_wconf 88' lang='lat' dir='ltr'>species</span> <span class='ocrx_word' id='word_1_67' title='bbox 995 1046 1358 1093; x_wconf 85' lang='lat' dir='ltr'>immateriatas.</span> <span class='ocrx_word' id='word_1_68' title='bbox 1429 1045 1539 1092; x_wconf 93' lang='lat' dir='ltr'>Hoc</span> <span class='ocrx_word' id='word_1_69' title='bbox 1575 1052 1738 1092; x_wconf 86' lang='lat' dir='ltr'>autem</span> <span class='ocrx_word' id='word_1_70' title='bbox 1764 1045 1878 1093; x_wconf 63' lang='lat' dir='ltr'>fieri!</span> <span class='ocrx_word' id='word_1_71' title='bbox 1903 1035 1905 1037; x_wconf 28' lang='lat'><strong><em>¹</em></strong></span> 
     </span>
     <span class='ocr_line' id='line_1_13' title="bbox 496 1118 1878 1183; baseline 0.001 -16"><span class='ocrx_word' id='word_1_72' title='bbox 496 1137 594 1167; x_wconf 88' lang='lat' dir='ltr'>non</span> <span class='ocrx_word' id='word_1_73' title='bbox 619 1128 795 1183; x_wconf 84' lang='lat' dir='ltr'>potest,</span> <span class='ocrx_word' id='word_1_74' title='bbox 815 1128 1075 1183; x_wconf 89' lang='lat' dir='ltr'>propterea</span> <span class='ocrx_word' id='word_1_75' title='bbox 1098 1120 1229 1183; x_wconf 92' lang='lat' dir='ltr'>quod</span> <span class='ocrx_word' id='word_1_76' title='bbox 1251 1120 1372 1167; x_wconf 90' lang='lat' dir='ltr'>nihil</span> <span class='ocrx_word' id='word_1_77' title='bbox 1394 1128 1560 1167; x_wconf 87' lang='lat' dir='ltr'>movet</span> <span class='ocrx_word' id='word_1_78' title='bbox 1581 1119 1674 1167; x_wconf 91' lang='lat' dir='ltr'>nisi</span> <span class='ocrx_word' id='word_1_79' title='bbox 1697 1118 1878 1182; x_wconf 60' lang='lat' dir='ltr'>corpu&amp;v</span> 
     </span>
     <span class='ocr_line' id='line_1_14' title="bbox 497 1193 1880 1258; baseline -0.001 -16"><span class='ocrx_word' id='word_1_80' title='bbox 497 1202 685 1242; x_wconf 89' lang='lat' dir='ltr'>motum</span> <span class='ocrx_word' id='word_1_81' title='bbox 709 1203 759 1242; x_wconf 85' lang='lat' dir='ltr'>et</span> <span class='ocrx_word' id='word_1_82' title='bbox 783 1195 1082 1258; x_wconf 85' lang='lat' dir='ltr'>contiguum.</span> <span class='ocrx_word' id='word_1_83' title='bbox 1152 1195 1280 1241; x_wconf 91' lang='lat' dir='ltr'>Nam</span> <span class='ocrx_word' id='word_1_84' title='bbox 1309 1194 1349 1241; x_wconf 91' lang='lat' dir='ltr'>si</span> <span class='ocrx_word' id='word_1_85' title='bbox 1384 1193 1576 1256; x_wconf 87' lang='lat' dir='ltr'>corpori</span> <span class='ocrx_word' id='word_1_86' title='bbox 1606 1194 1880 1256; x_wconf 60' lang='lat' dir='ltr'>quiescentis:</span> 
     </span>
     <span class='ocr_line' id='line_1_15' title="bbox 498 1268 1875 1332; baseline -0.001 -15"><span class='ocrx_word' id='word_1_87' title='bbox 498 1270 730 1332; x_wconf 86' lang='lat' dir='ltr'>contigua</span> <span class='ocrx_word' id='word_1_88' title='bbox 754 1286 960 1332; x_wconf 88' lang='lat' dir='ltr'>corpora</span> <span class='ocrx_word' id='word_1_89' title='bbox 992 1286 1092 1317; x_wconf 92' lang='lat' dir='ltr'>non</span> <span class='ocrx_word' id='word_1_90' title='bbox 1123 1277 1424 1328; x_wconf 90' lang='lat' dir='ltr'>moveantur,</span> <span class='ocrx_word' id='word_1_91' title='bbox 1459 1270 1618 1332; x_wconf 90' lang='lat' dir='ltr'>ipsum</span> <span class='ocrx_word' id='word_1_92' title='bbox 1652 1268 1875 1317; x_wconf 74' lang='lat' dir='ltr'>desinere</span> 
     </span>
     <span class='ocr_line' id='line_1_16' title="bbox 498 1344 1881 1408; baseline 0 -16"><span class='ocrx_word' id='word_1_93' title='bbox 498 1346 741 1407; x_wconf 87' lang='lat' dir='ltr'>quiescere</span> <span class='ocrx_word' id='word_1_94' title='bbox 764 1345 1076 1408; x_wconf 84' lang='lat' dir='ltr'>incogitabile</span> <span class='ocrx_word' id='word_1_95' title='bbox 1100 1352 1200 1392; x_wconf 90' lang='lat' dir='ltr'>est:</span> <span class='ocrx_word' id='word_1_96' title='bbox 1238 1344 1370 1406; x_wconf 86' lang='lat' dir='ltr'>quod</span> <span class='ocrx_word' id='word_1_97' title='bbox 1404 1352 1454 1391; x_wconf 86' lang='lat' dir='ltr'>et</span> <span class='ocrx_word' id='word_1_98' title='bbox 1485 1344 1881 1393; x_wconf 69' lang='lat' dir='ltr'>demonstratum</span> 
     </span>
     <span class='ocr_line' id='line_1_17' title="bbox 496 1419 1886 1483; baseline -0.001 -16"><span class='ocrx_word' id='word_1_99' title='bbox 496 1428 585 1477; x_wconf 88' lang='lat' dir='ltr'>est,</span> <span class='ocrx_word' id='word_1_100' title='bbox 623 1437 726 1483; x_wconf 93' lang='lat' dir='ltr'>cap.</span> <span class='ocrx_word' id='word_1_101' title='bbox 754 1435 832 1467; x_wconf 80' lang='lat' dir='ltr'>lx.</span> <span class='ocrx_word' id='word_1_102' title='bbox 865 1426 956 1467; x_wconf 85' lang='lat' dir='ltr'>art.</span> <span class='ocrx_word' id='word_1_103' title='bbox 994 1423 1039 1478; x_wconf 88' lang='grc'>7,</span> <span class='ocrx_word' id='word_1_104' title='bbox 1082 1427 1130 1467; x_wconf 88' lang='lat' dir='ltr'>et</span> <span class='ocrx_word' id='word_1_105' title='bbox 1170 1420 1287 1467; x_wconf 90' lang='lat' dir='ltr'>alias</span> <span class='ocrx_word' id='word_1_106' title='bbox 1327 1435 1472 1482; x_wconf 89' lang='lat' dir='ltr'>supra</span> <span class='ocrx_word' id='word_1_107' title='bbox 1512 1419 1684 1482; x_wconf 80' lang='lat' dir='ltr'>saepius</span> <span class='ocrx_word' id='word_1_108' title='bbox 1719 1419 1886 1467; x_wconf 44' lang='lat' dir='ltr'>incula&amp;</span> 
     </span>
     <span class='ocr_line' id='line_1_18' title="bbox 495 1494 1874 1558; baseline -0.001 -15"><span class='ocrx_word' id='word_1_109' title='bbox 495 1504 674 1555; x_wconf 90' lang='lat' dir='ltr'>catum,</span> <span class='ocrx_word' id='word_1_110' title='bbox 709 1512 766 1543; x_wconf 93' lang='lat' dir='ltr'>eo</span> <span class='ocrx_word' id='word_1_111' title='bbox 796 1497 908 1554; x_wconf 91' lang='lat' dir='ltr'>fine,</span> <span class='ocrx_word' id='word_1_112' title='bbox 943 1502 998 1542; x_wconf 93' lang='lat' dir='ltr'>ut</span> <span class='ocrx_word' id='word_1_113' title='bbox 1033 1495 1185 1543; x_wconf 89' lang='lat' dir='ltr'>velint</span> <span class='ocrx_word' id='word_1_114' title='bbox 1218 1495 1416 1543; x_wconf 86' lang='lat' dir='ltr'>tandem</span> <span class='ocrx_word' id='word_1_115' title='bbox 1450 1494 1726 1558; x_wconf 83' lang='lat' dir='ltr'>philosophi</span> <span class='ocrx_word' id='word_1_116' title='bbox 1757 1504 1874 1542; x_wconf 65' lang='lat' dir='ltr'>con-i</span> 
     </span>
     <span class='ocr_line' id='line_1_19' title="bbox 494 1558 1877 1634; baseline -0.001 -16"><span class='ocrx_word' id='word_1_117' title='bbox 494 1571 701 1619; x_wconf 86' lang='lat' dir='ltr'>nexione</span> <span class='ocrx_word' id='word_1_118' title='bbox 724 1570 1004 1634; x_wconf 89' lang='lat' dir='ltr'>hujusmodi</span> <span class='ocrx_word' id='word_1_119' title='bbox 1026 1558 1375 1618; x_wconf 79' lang='lat' dir='ltr'>vocabulorum</span> <span class='ocrx_word' id='word_1_120' title='bbox 1398 1569 1628 1632; x_wconf 75' lang='grc' dir='ltr'>ἁδιανόητῳ</span> <span class='ocrx_word' id='word_1_121' title='bbox 1651 1569 1724 1617; x_wconf 88' lang='lat' dir='ltr'>uti</span> <span class='ocrx_word' id='word_1_122' title='bbox 1747 1563 1877 1617; x_wconf 67' lang='lat' dir='ltr'>desi-⁴²·</span> 
     </span>
     <span class='ocr_line' id='line_1_20' title="bbox 490 1637 1882 1708; baseline -0.001 -15"><span class='ocrx_word' id='word_1_123' title='bbox 490 1663 621 1694; x_wconf 91' lang='lat' dir='ltr'>nere.</span> <span class='ocrx_word' id='word_1_124' title='bbox 692 1647 750 1694; x_wconf 90' lang='lat' dir='ltr'>In</span> <span class='ocrx_word' id='word_1_125' title='bbox 774 1662 830 1693; x_wconf 91' lang='lat' dir='ltr'>eo</span> <span class='ocrx_word' id='word_1_126' title='bbox 855 1646 1003 1693; x_wconf 85' lang='lat' dir='ltr'>etiam</span> <span class='ocrx_word' id='word_1_127' title='bbox 1021 1646 1082 1693; x_wconf 91' lang='lat' dir='ltr'>ab</span> <span class='ocrx_word' id='word_1_128' title='bbox 1101 1645 1184 1693; x_wconf 92' lang='lat' dir='ltr'>illo</span> <span class='ocrx_word' id='word_1_129' title='bbox 1202 1645 1447 1703; x_wconf 87' lang='lat' dir='ltr'>dissentio,</span> <span class='ocrx_word' id='word_1_130' title='bbox 1464 1644 1596 1707; x_wconf 91' lang='lat' dir='ltr'>quod</span> <span class='ocrx_word' id='word_1_131' title='bbox 1611 1637 1882 1708; x_wconf 32' lang='lat' dir='ltr'>corporumf‘</span> 
     </span>
     <span class='ocr_line' id='line_1_21' title="bbox 490 1711 1885 1782; baseline -0.001 -13"><span class='ocrx_word' id='word_1_132' title='bbox 490 1729 673 1769; x_wconf 88' lang='lat' dir='ltr'>mutuae</span> <span class='ocrx_word' id='word_1_133' title='bbox 698 1721 1001 1768; x_wconf 84' lang='lat' dir='ltr'>attractionis</span> <span class='ocrx_word' id='word_1_134' title='bbox 1026 1736 1221 1768; x_wconf 87' lang='lat' dir='ltr'>causam</span> <span class='ocrx_word' id='word_1_135' title='bbox 1244 1736 1346 1768; x_wconf 89' lang='lat' dir='ltr'>esse</span> <span class='ocrx_word' id='word_1_136' title='bbox 1371 1720 1503 1767; x_wconf 89' lang='lat' dir='ltr'>dicat</span> <span class='ocrx_word' id='word_1_137' title='bbox 1526 1720 1742 1782; x_wconf 84' lang='lat' dir='ltr'>ipsorum</span> <span class='ocrx_word' id='word_1_138' title='bbox 1762 1711 1885 1767; x_wconf 57' lang='lat' dir='ltr'>cor-{-</span> 
     </span>
     <span class='ocr_line' id='line_1_22' title="bbox 489 1795 1875 1860; baseline -0.002 -15"><span class='ocrx_word' id='word_1_139' title='bbox 489 1813 662 1860; x_wconf 90' lang='lat' dir='ltr'>porum</span> <span class='ocrx_word' id='word_1_140' title='bbox 686 1796 1060 1859; x_wconf 80' lang='lat' dir='ltr'>cognationem:</span> <span class='ocrx_word' id='word_1_141' title='bbox 1096 1811 1210 1842; x_wconf 91' lang='lat' dir='ltr'>nam</span> <span class='ocrx_word' id='word_1_142' title='bbox 1239 1795 1279 1843; x_wconf 91' lang='lat' dir='ltr'>si</span> <span class='ocrx_word' id='word_1_143' title='bbox 1310 1795 1405 1843; x_wconf 92' lang='lat' dir='ltr'>hoc</span> <span class='ocrx_word' id='word_1_144' title='bbox 1436 1802 1577 1852; x_wconf 87' lang='lat' dir='ltr'>esset,</span> <span class='ocrx_word' id='word_1_145' title='bbox 1605 1810 1704 1842; x_wconf 90' lang='lat' dir='ltr'>non</span> <span class='ocrx_word' id='word_1_146' title='bbox 1726 1795 1875 1852; x_wconf 64' lang='lat' dir='ltr'>vidcd</span> 
     </span>
     <span class='ocr_line' id='line_1_23' title="bbox 492 1869 1876 1935; baseline 0 -16"><span class='ocrx_word' id='word_1_147' title='bbox 492 1888 640 1935; x_wconf 90' lang='lat' dir='ltr'>quare</span> <span class='ocrx_word' id='word_1_148' title='bbox 687 1888 830 1919; x_wconf 84' lang='lat' dir='ltr'>ovum</span> <span class='ocrx_word' id='word_1_149' title='bbox 876 1871 936 1918; x_wconf 91' lang='lat' dir='ltr'>ab</span> <span class='ocrx_word' id='word_1_150' title='bbox 984 1886 1074 1918; x_wconf 88' lang='lat' dir='ltr'>ovo</span> <span class='ocrx_word' id='word_1_151' title='bbox 1116 1886 1214 1917; x_wconf 90' lang='lat' dir='ltr'>non</span> <span class='ocrx_word' id='word_1_152' title='bbox 1260 1869 1603 1917; x_wconf 86' lang='lat' dir='ltr'>attraheretur.</span> <span class='ocrx_word' id='word_1_153' title='bbox 1675 1870 1726 1917; x_wconf 90' lang='lat' dir='ltr'>Si</span> <span class='ocrx_word' id='word_1_154' title='bbox 1771 1880 1876 1933; x_wconf 57' lang='lat' dir='ltr'>quw</span> 
     </span>
     <span class='ocr_line' id='line_1_24' title="bbox 490 1942 1881 2010; baseline 0 -16"><span class='ocrx_word' id='word_1_155' title='bbox 490 1964 606 2010; x_wconf 80' lang='lat' dir='ltr'>ergo</span> <span class='ocrx_word' id='word_1_156' title='bbox 625 1947 751 1994; x_wconf 89' lang='lat' dir='ltr'>inter</span> <span class='ocrx_word' id='word_1_157' title='bbox 775 1946 925 1993; x_wconf 92' lang='lat' dir='ltr'>solem</span> <span class='ocrx_word' id='word_1_158' title='bbox 941 1954 991 1992; x_wconf 90' lang='lat' dir='ltr'>et</span> <span class='ocrx_word' id='word_1_159' title='bbox 1013 1953 1204 2008; x_wconf 90' lang='lat' dir='ltr'>partem</span> <span class='ocrx_word' id='word_1_160' title='bbox 1228 1953 1371 1993; x_wconf 90' lang='lat' dir='ltr'>terrae</span> <span class='ocrx_word' id='word_1_161' title='bbox 1388 1961 1537 1992; x_wconf 88' lang='lat' dir='ltr'>unam</span> <span class='ocrx_word' id='word_1_162' title='bbox 1555 1961 1701 2007; x_wconf 91' lang='lat' dir='ltr'>quam</span> <span class='ocrx_word' id='word_1_163' title='bbox 1724 1942 1881 1994; x_wconf 53' lang='lat' dir='ltr'>alianiss&#39;.</span> 
     </span>
     <span class='ocr_line' id='line_1_25' title="bbox 489 2019 1875 2085; baseline -0.001 -15"><span class='ocrx_word' id='word_1_164' title='bbox 489 2024 643 2085; x_wconf 89' lang='lat' dir='ltr'>major</span> <span class='ocrx_word' id='word_1_165' title='bbox 665 2021 938 2069; x_wconf 88' lang='lat' dir='ltr'>intercedat</span> <span class='ocrx_word' id='word_1_166' title='bbox 961 2021 1189 2079; x_wconf 88' lang='lat' dir='ltr'>amicitia,</span> <span class='ocrx_word' id='word_1_167' title='bbox 1215 2021 1447 2068; x_wconf 85' lang='lat' dir='ltr'>consistet</span> <span class='ocrx_word' id='word_1_168' title='bbox 1471 2036 1528 2068; x_wconf 89' lang='lat' dir='ltr'>ea</span> <span class='ocrx_word' id='word_1_169' title='bbox 1557 2020 1608 2067; x_wconf 88' lang='lat' dir='ltr'>in</span> <span class='ocrx_word' id='word_1_170' title='bbox 1639 2037 1712 2079; x_wconf 90' lang='lat' dir='ltr'>eo,</span> <span class='ocrx_word' id='word_1_171' title='bbox 1738 2019 1875 2084; x_wconf 59' lang='lat' dir='ltr'>quo&amp;</span> 
     </span>
     <span class='ocr_line' id='line_1_26' title="bbox 490 2096 1876 2160; baseline -0.001 -15"><span class='ocrx_word' id='word_1_172' title='bbox 490 2098 643 2145; x_wconf 89' lang='lat' dir='ltr'>altera</span> <span class='ocrx_word' id='word_1_173' title='bbox 660 2113 772 2160; x_wconf 91' lang='lat' dir='ltr'>pars</span> <span class='ocrx_word' id='word_1_174' title='bbox 791 2113 959 2159; x_wconf 81' lang='lat' dir='ltr'>aquea,</span> <span class='ocrx_word' id='word_1_175' title='bbox 980 2097 1132 2143; x_wconf 91' lang='lat' dir='ltr'>altera</span> <span class='ocrx_word' id='word_1_176' title='bbox 1146 2096 1282 2143; x_wconf 90' lang='lat' dir='ltr'>arida</span> <span class='ocrx_word' id='word_1_177' title='bbox 1304 2096 1366 2143; x_wconf 89' lang='lat' dir='ltr'>sit</span> <span class='ocrx_word' id='word_1_178' title='bbox 1383 2117 1394 2150; x_wconf 93' lang='lat'>;</span> <span class='ocrx_word' id='word_1_179' title='bbox 1420 2111 1479 2142; x_wconf 90' lang='lat' dir='ltr'>ex</span> <span class='ocrx_word' id='word_1_180' title='bbox 1498 2111 1593 2158; x_wconf 91' lang='lat' dir='ltr'>quo</span> <span class='ocrx_word' id='word_1_181' title='bbox 1612 2096 1876 2159; x_wconf 60' lang='lat' dir='ltr'>contingit&#39;t‘</span> 
     </span>
     <span class='ocr_line' id='line_1_27' title="bbox 489 2170 1874 2234; baseline -0.001 -14"><span class='ocrx_word' id='word_1_182' title='bbox 489 2181 546 2220; x_wconf 91' lang='lat' dir='ltr'>ut</span> <span class='ocrx_word' id='word_1_183' title='bbox 565 2173 710 2220; x_wconf 90' lang='lat' dir='ltr'>modo</span> <span class='ocrx_word' id='word_1_184' title='bbox 735 2172 1119 2219; x_wconf 87' lang='lat' dir='ltr'>demonstratum</span> <span class='ocrx_word' id='word_1_185' title='bbox 1144 2179 1232 2228; x_wconf 91' lang='lat' dir='ltr'>est,</span> <span class='ocrx_word' id='word_1_186' title='bbox 1257 2171 1411 2234; x_wconf 83' lang='lat' dir='ltr'>magis</span> <span class='ocrx_word' id='word_1_187' title='bbox 1434 2170 1664 2218; x_wconf 91' lang='lat' dir='ltr'>accedere</span> <span class='ocrx_word' id='word_1_188' title='bbox 1686 2175 1874 2219; x_wconf 75' lang='lat' dir='ltr'>terram?</span> 
     </span>
     <span class='ocr_line' id='line_1_28' title="bbox 490 2246 1870 2309; baseline -0.001 -14"><span class='ocrx_word' id='word_1_189' title='bbox 490 2248 553 2295; x_wconf 90' lang='lat' dir='ltr'>ad</span> <span class='ocrx_word' id='word_1_190' title='bbox 587 2248 738 2295; x_wconf 89' lang='lat' dir='ltr'>solem</span> <span class='ocrx_word' id='word_1_191' title='bbox 775 2247 968 2309; x_wconf 90' lang='lat' dir='ltr'>quando</span> <span class='ocrx_word' id='word_1_192' title='bbox 1005 2263 1034 2294; x_wconf 91' lang='lat' dir='ltr'>a</span> <span class='ocrx_word' id='word_1_193' title='bbox 1074 2247 1174 2294; x_wconf 88' lang='lat' dir='ltr'>sole</span> <span class='ocrx_word' id='word_1_194' title='bbox 1215 2246 1515 2294; x_wconf 88' lang='lat' dir='ltr'>illuminatur</span> <span class='ocrx_word' id='word_1_195' title='bbox 1547 2262 1660 2309; x_wconf 89' lang='lat' dir='ltr'>pars</span> <span class='ocrx_word' id='word_1_196' title='bbox 1696 2262 1870 2309; x_wconf 85' lang='lat' dir='ltr'>aquea,</span> 
     </span>
     <span class='ocr_line' id='line_1_29' title="bbox 491 2322 1030 2386; baseline -0.002 -16"><span class='ocrx_word' id='word_1_197' title='bbox 491 2340 637 2386; x_wconf 89' lang='lat' dir='ltr'>quam</span> <span class='ocrx_word' id='word_1_198' title='bbox 661 2323 855 2386; x_wconf 89' lang='lat' dir='ltr'>quando</span> <span class='ocrx_word' id='word_1_199' title='bbox 880 2322 1030 2369; x_wconf 88' lang='lat' dir='ltr'>arida.</span> 
     </span>
     <span class='ocr_line' id='line_1_30' title="bbox 256 2395 1879 2455; baseline 0 -9"><span class='ocrx_word' id='word_1_200' title='bbox 256 2395 358 2426; x_wconf 63' lang='lat' dir='ltr'>Causa</span> <span class='ocrx_word' id='word_1_201' title='bbox 375 2405 471 2443; x_wconf 56' lang='grc' dir='ltr'>(ΗΜΘ</span> <span class='ocrx_word' id='word_1_202' title='bbox 555 2404 602 2446; x_wconf 91' lang='grc'>9.</span> <span class='ocrx_word' id='word_1_203' title='bbox 639 2398 774 2445; x_wconf 86' lang='lat' dir='ltr'>Facit</span> <span class='ocrx_word' id='word_1_204' title='bbox 818 2397 925 2444; x_wconf 82' lang='lat' dir='ltr'>haec</span> <span class='ocrx_word' id='word_1_205' title='bbox 973 2397 1158 2444; x_wconf 88' lang='lat' dir='ltr'>telluris</span> <span class='ocrx_word' id='word_1_206' title='bbox 1204 2396 1563 2455; x_wconf 88' lang='lat' dir='ltr'>excentricitas,</span> <span class='ocrx_word' id='word_1_207' title='bbox 1608 2403 1666 2443; x_wconf 89' lang='lat' dir='ltr'>ut</span> <span class='ocrx_word' id='word_1_208' title='bbox 1707 2396 1879 2447; x_wconf 59' lang='lat' dir='ltr'>orbita?</span> 
     </span>
    </p>
   </div>
   <div class='ocr_carea' id='block_1_4' title="bbox 251 2438 450 2469">
    <p class='ocr_par' dir='ltr' id='par_1_4' title="bbox 251 2438 450 2469">
     <span class='ocr_line' id='line_1_31' title="bbox 251 2438 450 2469; baseline -0.006 0"><span class='ocrx_word' id='word_1_209' title='bbox 251 2438 337 2469; x_wconf 77' lang='lat' dir='ltr'>lunae</span> <span class='ocrx_word' id='word_1_210' title='bbox 355 2438 450 2468; x_wconf 81' lang='lat' dir='ltr'>facies</span> 
     </span>
    </p>
   </div>
   <div class='ocr_carea' id='block_1_5' title="bbox 249 2469 1883 2830">
    <p class='ocr_par' dir='ltr' id='par_1_5' title="bbox 249 2469 1883 2685">
     <span class='ocr_line' id='line_1_32' title="bbox 251 2469 1883 2536; baseline -0.001 -14"><span class='ocrx_word' id='word_1_211' title='bbox 251 2487 473 2522; x_wconf 68' lang='lat' dir='ltr'>terraescmper</span> <span class='ocrx_word' id='word_1_212' title='bbox 491 2475 592 2536; x_wconf 89' lang='lat' dir='ltr'>ejus</span> <span class='ocrx_word' id='word_1_213' title='bbox 621 2489 783 2521; x_wconf 89' lang='lat' dir='ltr'>annua</span> <span class='ocrx_word' id='word_1_214' title='bbox 803 2472 1047 2534; x_wconf 87' lang='lat' dir='ltr'>perfectus</span> <span class='ocrx_word' id='word_1_215' title='bbox 1072 2472 1278 2520; x_wconf 91' lang='lat' dir='ltr'>circulus</span> <span class='ocrx_word' id='word_1_216' title='bbox 1301 2487 1401 2519; x_wconf 91' lang='lat' dir='ltr'>non</span> <span class='ocrx_word' id='word_1_217' title='bbox 1425 2472 1502 2530; x_wconf 91' lang='lat' dir='ltr'>sit,</span> <span class='ocrx_word' id='word_1_218' title='bbox 1532 2471 1618 2519; x_wconf 89' lang='lat' dir='ltr'>sed</span> <span class='ocrx_word' id='word_1_219' title='bbox 1638 2471 1766 2519; x_wconf 89' lang='lat' dir='ltr'>linea</span> <span class='ocrx_word' id='word_1_220' title='bbox 1786 2469 1883 2521; x_wconf 42' lang='lat' dir='ltr'>vel*</span> 
     </span>
     <span class='ocr_line' id='line_1_33' title="bbox 249 2525 1873 2629; baseline -0.003 -31"><span class='ocrx_word' id='word_1_221' title='bbox 249 2525 423 2600; x_wconf 45' lang='grc' dir='ltr'>ἓξέἶῖγῖωτ</span> <span class='ocrx_word' id='word_1_222' title='bbox 491 2549 702 2629; x_wconf 86' lang='lat' dir='ltr'>elliptica</span> <span class='ocrx_word' id='word_1_223' title='bbox 719 2547 796 2595; x_wconf 89' lang='lat' dir='ltr'>vel</span> <span class='ocrx_word' id='word_1_224' title='bbox 821 2554 951 2594; x_wconf 89' lang='lat' dir='ltr'>certe</span> <span class='ocrx_word' id='word_1_225' title='bbox 974 2546 1074 2594; x_wconf 88' lang='lat' dir='ltr'>fere</span> <span class='ocrx_word' id='word_1_226' title='bbox 1098 2546 1341 2609; x_wconf 88' lang='lat' dir='ltr'>elliptica;</span> <span class='ocrx_word' id='word_1_227' title='bbox 1377 2562 1533 2609; x_wconf 91' lang='lat' dir='ltr'>neque</span> <span class='ocrx_word' id='word_1_228' title='bbox 1557 2562 1697 2594; x_wconf 87' lang='lat' dir='ltr'>axem</span> <span class='ocrx_word' id='word_1_229' title='bbox 1719 2554 1873 2594; x_wconf 67' lang='lat' dir='ltr'>terrae‘</span> 
     </span>
     <span class='ocr_line' id='line_1_34' title="bbox 488 2621 1867 2685; baseline -0.001 -15"><span class='ocrx_word' id='word_1_230' title='bbox 488 2624 659 2670; x_wconf 85' lang='lat' dir='ltr'>teneri</span> <span class='ocrx_word' id='word_1_231' title='bbox 667 2639 855 2685; x_wconf 90' lang='lat' dir='ltr'>semper</span> <span class='ocrx_word' id='word_1_232' title='bbox 875 2623 966 2669; x_wconf 88' lang='lat' dir='ltr'>sibi</span> <span class='ocrx_word' id='word_1_233' title='bbox 990 2629 1159 2669; x_wconf 83' lang='lat' dir='ltr'>exacte</span> <span class='ocrx_word' id='word_1_234' title='bbox 1181 2622 1480 2684; x_wconf 89' lang='lat' dir='ltr'>parallelum,</span> <span class='ocrx_word' id='word_1_235' title='bbox 1505 2621 1619 2669; x_wconf 87' lang='lat' dir='ltr'>sed</span> <span class='ocrx_word' id='word_1_236' title='bbox 1607 2637 1658 2669; x_wconf 88' lang='lat' dir='ltr'>ln</span> <span class='ocrx_word' id='word_1_237' title='bbox 1670 2621 1867 2685; x_wconf 81' lang='lat' dir='ltr'>punctis</span> 
     </span>
    </p>

    <p class='ocr_par' dir='ltr' id='par_1_6' title="bbox 489 2697 1862 2830">
     <span class='ocr_line' id='line_1_35' title="bbox 489 2697 1136 2760; baseline -0.005 -14"><span class='ocrx_word' id='word_1_238' title='bbox 489 2706 681 2746; x_wconf 90' lang='lat' dir='ltr'>tantum</span> <span class='ocrx_word' id='word_1_239' title='bbox 706 2697 1136 2760; x_wconf 83' lang='lat' dir='ltr'>aequinoctialibus.</span> 
     </span>
     <span class='ocr_line' id='line_1_36' title="bbox 557 2771 1862 2830; baseline -0.003 -8"><span class='ocrx_word' id='word_1_240' title='bbox 557 2774 800 2823; x_wconf 75' lang='lat' dir='ltr'>Quoniam</span> <span class='ocrx_word' id='word_1_241' title='bbox 832 2780 994 2820; x_wconf 90' lang='lat' dir='ltr'>autem</span> <span class='ocrx_word' id='word_1_242' title='bbox 1023 2779 1079 2820; x_wconf 91' lang='lat' dir='ltr'>ut</span> <span class='ocrx_word' id='word_1_243' title='bbox 1114 2780 1295 2820; x_wconf 88' lang='lat' dir='ltr'>terram</span> <span class='ocrx_word' id='word_1_244' title='bbox 1329 2789 1359 2820; x_wconf 92' lang='lat' dir='ltr'>a</span> <span class='ocrx_word' id='word_1_245' title='bbox 1393 2772 1506 2830; x_wconf 91' lang='lat' dir='ltr'>sole,</span> <span class='ocrx_word' id='word_1_246' title='bbox 1539 2772 1609 2819; x_wconf 89' lang='lat' dir='ltr'>ita</span> <span class='ocrx_word' id='word_1_247' title='bbox 1634 2771 1796 2819; x_wconf 84' lang='lat' dir='ltr'>lunam</span> <span class='ocrx_word' id='word_1_248' title='bbox 1827 2786 1862 2819; x_wconf 68' lang='lat' dir='ltr'>a:</span> 
     </span>
    </p>
   </div>
   <div class='ocr_carea' id='block_1_6' title="bbox 487 2844 1861 2907">
    <p class='ocr_par' dir='ltr' id='par_1_7' title="bbox 487 2844 1861 2907">
     <span class='ocr_line' id='line_1_37' title="bbox 487 2844 1861 2907; baseline -0.003 -11"><span class='ocrx_word' id='word_1_249' title='bbox 487 2856 618 2896; x_wconf 85' lang='lat' dir='ltr'>terra</span> <span class='ocrx_word' id='word_1_250' title='bbox 647 2848 945 2896; x_wconf 85' lang='lat' dir='ltr'>circumferri</span> <span class='ocrx_word' id='word_1_251' title='bbox 982 2848 1199 2907; x_wconf 90' lang='lat' dir='ltr'>dicimus,</span> <span class='ocrx_word' id='word_1_252' title='bbox 1231 2855 1362 2895; x_wconf 88' lang='lat' dir='ltr'>terra</span> <span class='ocrx_word' id='word_1_253' title='bbox 1391 2854 1554 2895; x_wconf 87' lang='lat' dir='ltr'>autem</span> <span class='ocrx_word' id='word_1_254' title='bbox 1583 2847 1654 2894; x_wconf 86' lang='lat' dir='ltr'>ita</span> <span class='ocrx_word' id='word_1_255' title='bbox 1687 2844 1861 2894; x_wconf 83' lang='lat' dir='ltr'>circuit·</span> 
     </span>
    </p>
   </div>
  </div>
 </body>
</html>
