1936 3262
245 391 360 423 PARS
381 391 408 423 1.

216 1383 316 1414 Error
331 1384 428 1414 animi

217 1427 299 1457 citra
310 1428 443 1458 vocabu-

215 1470 319 1501 lorum
339 1480 447 1510 usum,

216 1514 373 1553 quomodo

216 1557 381 1597 contingit.

472 267 534 310 50
787 277 1137 311 COMPUTATIO
1167 278 1290 310 SIVE
1318 277 1533 311 LOGICA.

470 387 616 435 alicui
638 403 818 436 nomen
849 388 1125 436 attribuunt
1156 389 1287 452 quod
1318 405 1498 437 nomen
1522 390 1625 453 ejus
1647 390 1720 438 rei
1741 405 1842 439 non

470 470 560 511 est.
630 463 700 511 Ut
724 464 765 511 si
789 463 1080 512 simulachro
1105 463 1219 511 solis
1237 464 1358 522 viso,
1379 472 1485 512 tum
1508 481 1596 528 per
1619 465 1843 515 reflexio-

469 538 647 586 nemin
666 539 881 598 flumine,
897 546 1004 586 tum
1024 538 1207 586 directe
1226 539 1277 586 in
1295 540 1435 599 coelo,
1449 539 1646 604 utrique
1663 557 1844 588 nomen

470 614 585 661 solis
620 613 952 672 attribuendo,
989 614 1258 662 diceremus
1294 614 1415 662 duos
1451 631 1556 663 esse
1592 615 1749 671 soles3
1792 615 1844 663 id

470 689 603 751 quod
642 689 736 736 nisi
772 688 1051 736 hominibus
1088 689 1308 736 accidere
1345 706 1445 737 non
1481 698 1675 753 potest;
1729 706 1845 739 nam

469 764 574 811 aliis
594 764 883 812 animalibus
915 780 1032 812 usus
1064 765 1318 812 nominum
1348 766 1510 814 nullus
1535 773 1625 814 est.
1694 766 1845 814 Falsi-

470 839 586 886 tatis
609 856 804 899 nomen,
839 839 996 887 solum
1031 839 1127 886 hoc
1154 855 1307 902 genus
1332 841 1510 888 erroris
1533 848 1764 900 meretur,
1787 849 1845 888 ut

471 913 604 976 quod
626 930 726 961 non
749 930 779 961 a
802 929 962 972 5611511,
991 920 1077 960 aut
1100 929 1130 960 a
1152 914 1297 962 rebus
1320 914 1454 977 ipsis,
1488 915 1574 963 sed
1597 932 1627 963 a
1649 915 1845 964 temeri·

471 995 574 1036 tate
613 989 769 1037 oritur
808 988 1174 1052 pronuntiandi.
1251 989 1465 1037 Nomina
1507 991 1637 1038 enim
1677 1007 1776 1038 non
1816 1007 1849 1038 a

470 1079 634 1111 rerum
658 1064 927 1127 speciebUS,
952 1063 1038 1110 sed
1061 1079 1090 1110 a
1113 1063 1366 1111 voluntate
1388 1065 1642 1113 hominum
1665 1066 1846 1114 consti-

471 1146 581 1187 tuta
604 1146 749 1194 sunt;
799 1154 895 1202 quo
926 1139 984 1186 fit
1005 1147 1062 1186 ut
1093 1139 1176 1201 qui
1199 1155 1228 1186 a
1249 1140 1406 1202 pactis
1438 1156 1603 1188 rerum
1634 1141 1847 1204 appella-

473 1213 688 1261 tionibus
709 1213 931 1269 discedit,
951 1229 1052 1260 non
1066 1229 1096 1260 a
1112 1214 1257 1261 rebus
1278 1230 1437 1277 neque
1452 1231 1482 1262 a
1500 1230 1645 1263 sensu
1661 1216 1848 1264 fallitur

477 1289 612 1350 (nam
634 1288 767 1335 illam
789 1304 894 1335 rem
927 1304 1073 1350 quam
1107 1288 1258 1345 videt,
1293 1289 1528 1352 appellari
1561 1290 1713 1338 solem
1746 1307 1847 1339 non

472 1364 621 1423 videt,
660 1364 746 1411 sed
776 1363 953 1424 voluit)
990 1363 1076 1410 sed
1108 1363 1409 1427 negligentia
1435 1380 1523 1412 sua
1555 1366 1849 1414 sententiam

473 1440 646 1487 falsam
662 1439 795 1487 dicit.
867 1439 1024 1485 Sensu
1044 1445 1092 1485 et
1111 1439 1410 1502 cogitatione
1426 1447 1632 1498 erratur,
1652 1441 1850 1504 quando

475 1531 533 1562 ex
557 1514 790 1578 praesenti
824 1513 1174 1576 imaginatione
1209 1514 1342 1561 aliud
1374 1514 1726 1578 imaginamur3
1771 1516 1850 1564 vel

475 1589 670 1652 quando
694 1588 946 1652 praeterita
979 1604 1087 1650 (11166
1114 1604 1215 1635 11011
1246 1605 1554 1651 praecessere,
1583 1591 1661 1638 vel
1683 1591 1852 1638 futura

475 1681 584 1728 quae
604 1671 871 1727 sequutura
888 1679 989 1710 non
1009 1671 1138 1721 sunt,
1163 1671 1328 1710 tamen
1347 1672 1581 1728 tanquam
1598 1655 1853 1729 praeterita

474 1741 552 1787 vel
586 1740 755 1787 futura
787 1739 1047 1801 fingimus3
1094 1746 1151 1785 ut
1185 1739 1380 1801 quando
1416 1755 1476 1787 ex
1510 1740 1614 1788 viso
1651 1741 1765 1789 solis
1797 1741 1849 1788 in

474 1815 674 1863 flumine
698 1814 1007 1872 simulachro,
1032 1828 1136 1860 rem
1159 1813 1371 1876 aliquam
1396 1816 1533 1878 cujus
1557 1815 1678 1863 illud
1701 1816 1850 1864 simu-

474 1891 695 1938 lachrum
719 1897 794 1937 est
818 1905 875 1936 eo
898 1888 995 1935 loci
1018 1903 1123 1935 esse
1147 1888 1470 1951 imaginamur
1491 1911 1502 1945 ;
1539 1891 1617 1938 vel
1653 1892 1848 1954 quando

477 1983 537 2013 ex
561 1965 836 2028 conspectis
868 1963 1043 2026 gladiis
1065 1979 1280 2026 pugnam
1303 1964 1452 2012 fuisse
1475 1966 1554 2013 vel
1576 1966 1682 2014 fore
1707 1983 1767 2014 ex
1790 1983 1849 2014 eo

478 2041 610 2104 quod
638 2041 924 2104 plerumque
958 2038 1030 2085 ita
1061 2038 1168 2085 fieri
1204 2040 1485 2094 consuevit;
1533 2041 1610 2088 vel
1644 2057 1703 2089 ex
1736 2058 1851 2105 pro-

478 2116 653 2174 missis,
686 2113 1020 2178 promittentis
1049 2114 1280 2172 animum,
1313 2115 1390 2162 vel
1414 2115 1623 2179 denique
1647 2133 1707 2164 ex
1730 2133 1852 2180 quo-

478 2206 669 2254 cunque
703 2190 858 2252 signo,
889 2204 992 2235 rem
1038 2187 1362 2250 significatam
1391 2189 1574 2237 frustra
1604 2191 1848 2254 fingimus.

479 2267 641 2328 Atque
685 2263 965 2328 hujusmodi
1013 2278 1203 2310 errores
1249 2259 1473 2311 omnibus
1517 2265 1663 2313 rebus
1705 2282 1851 2314 sensu

477 2341 695 2404 praeditis
725 2354 1006 2387 communes
1043 2346 1190 2392 sunt3
1232 2354 1390 2401 neque
1415 2339 1485 2386 sic
1516 2346 1680 2388 tamen
1711 2348 1799 2388 aut
1820 2358 1853 2389 a

479 2416 716 2474 sensibus,
750 2422 836 2462 aut
859 2431 888 2462 a
910 2414 1055 2461 rebus
1090 2429 1209 2476 quas
1243 2413 1493 2471 sentimus,
1531 2415 1617 2462 sed
1648 2431 1678 2463 a
1707 2417 1849 2465 nobis

478 2492 596 2555 ipsis
620 2507 692 2549 ea,
718 2506 827 2553 quae
858 2505 959 2536 non
990 2495 1104 2535 sunt
1123 2488 1420 2551 fingentibus
1445 2496 1495 2536 et
1518 2505 1627 2552 quae
1654 2491 1850 2540 simula-

480 2567 598 2614 chra
620 2561 814 2613 tantum
838 2570 966 2621 sunt,
986 2563 1095 2625 plus
1120 2579 1266 2625 quam
1289 2563 1580 2612 simulachra
1598 2581 1702 2613 esse
1723 2582 1850 2629 prae-

481 2641 783 2689 sumentibus
829 2638 1056 2686 fallimur.
1149 2638 1301 2685 Falsae
1346 2646 1511 2687 autem
1550 2656 1708 2704 neque
1753 2658 1849 2700 res,

480 2733 639 2779 neque
663 2713 1038 2778 imaginationes
1064 2712 1160 2759 dici
1182 2720 1390 2775 possunt
1405 2730 1516 2762 cum
1535 2722 1584 2762 et
1597 2731 1711 2763 vere
1734 2724 1851 2764 sunt

482 2792 534 2838 id
552 2790 683 2853 quod
703 2796 831 2848 sunt,
852 2803 1009 2850 neque
1023 2787 1333 2850 promittunt,
1349 2796 1406 2836 ut
1420 2790 1572 2852 signa,
1589 2790 1849 2854 quicquam

485 2866 615 2928 quod
650 2881 750 2913 non
787 2870 1051 2927 praestant;
1097 2877 1196 2910 non
1239 2863 1368 2910 enim
1402 2864 1497 2912 illae
1536 2865 1848 2927 promittunt,
