1910 3256
612 258 683 290 DE
711 258 1041 293 GRAVJTATE.
1424 250 1515 291 431

140 371 203 420 ab
246 368 632 433 hypothesibus;
674 377 725 417 et
760 377 1038 433 propterea,
1076 370 1302 433 ignorata
1336 370 1530 418 illarum
1583 372 1703 446 ΡΑῐὲξ
1718 371 1778 404 IV·

138 445 360 500 veritate,
385 460 553 492 causas
577 460 740 491 rerum
765 461 846 492 eas
864 461 1036 492 revera
1059 461 1163 492 esse
1182 461 1302 508 quas
1318 445 1530 508 explica-
1600 462 1766 495 *μνᾶ
1831 464 1839 483 ¹

139 521 312 580 vimus,
346 520 670 568 demonstrari
693 536 794 567 non
827 527 1007 583 potest.
1080 519 1327 568 Quoniam
1363 527 1529 567 tamen
1570 505 1758 546 ⁰⁰¹¹⁰¹⁰⁵¹⁰·

138 595 433 661 hypothesin
456 595 639 643 nullam
663 595 860 658 sumpsi,
887 611 997 658 quae
1020 611 1120 642 non
1144 603 1194 642 et
1215 595 1458 658 possibilis
1481 603 1531 642 et

144 671 499 736 comprehensu
524 670 680 718 facilis
715 670 793 728 sit,
840 678 890 718 et
924 671 984 718 ab
1020 670 1279 734 assumptis
1314 671 1531 734 legitime

143 747 460 796 ratiocinatus
492 762 614 804 sum,
652 745 869 809 potuisse
915 761 1018 793 esse
1060 745 1406 804 demonstravi,
1448 747 1532 809 qui

141 823 256 871 finis
278 829 362 871 est.
377 821 803 886 contemplationis
820 821 1053 885 physicae.
1126 822 1273 871 Quod
1297 822 1338 870 si
1362 821 1533 870 eadem

141 899 220 947 vel
241 899 319 947 his
348 897 599 962 ampliora,
633 897 837 960 sumptis
870 897 976 945 aliis
1009 897 1378 961 hypothesibus,
1403 898 1534 960 quis-

141 975 274 1038 piam
324 973 447 1022 alius
498 972 919 1030 demonstraverit,
976 974 1184 1036 majores
1229 973 1300 1021 illi
1345 974 1531 1037 gratias

142 1049 442 1107 debebimus,
493 1065 639 1112 quam
690 1064 782 1112 ego
837 1047 958 1095 mihi
1005 1048 1172 1096 deberi
1216 1049 1440 1112 postulo;
1494 1050 1535 1097 si

140 1134 306 1174 tamen
336 1125 643 1189 hypotheses,
669 1124 846 1188 quibus
882 1124 1055 1183 utitur,
1094 1125 1192 1172 sint
1230 1125 1550 1189 cogitabiles.v

142 1201 272 1249 Nam
307 1200 440 1264 quod
473 1200 582 1264 quis
617 1201 879 1265 quicquam
913 1216 944 1248 a
978 1201 1153 1264 seipso,
1200 1218 1230 1249 a
1265 1202 1534 1265 speciebus,

138 1294 169 1325 a
190 1276 428 1341 potentia,
451 1293 482 1325 a
503 1276 668 1325 forma
689 1276 1015 1333 substantiali,
1031 1292 1061 1324 a
1084 1276 1356 1324 substantia
1373 1277 1535 1325 incor-

140 1368 306 1416 porea,
330 1353 394 1401 ab'
415 1352 666 1410 instinct-u,
689 1353 751 1400 ab
776 1352 1124 1416 antiperistasi,
1149 1353 1210 1401 ab
1243 1353 1532 1417 antipathia,

142 1445 173 1476 a
201 1428 493 1493 sympathia,
528 1429 720 1477 occulta
754 1428 1008 1492 qualitate,
1045 1428 1334 1492 caeterisque
1369 1429 1533 1477 verbis

143 1504 544 1554 scholasticorum
559 1505 786 1553 inanibus
802 1504 990 1552 moveri
1007 1512 1093 1552 aut
1110 1503 1318 1568 produci
1337 1505 1531 1564 dixerit,

145 1581 470 1645 nequicquam
493 1581 678 1634 dictum
702 1581 811 1629 erit.

211 1656 426 1705 Transeo
449 1673 582 1705 nunc
604 1656 668 1705 ad
688 1657 1014 1721 phaenomena
1045 1657 1263 1720 corporis
1297 1657 1499 1705 humani
1520 1678 1532 1713 ;

145 1732 231 1780 ubi
254 1732 447 1796 opticae,
461 1732 580 1780 item
602 1732 928 1796 ingeniorum,
948 1733 1228 1790 affectuum,
1244 1749 1534 1797 morumque

145 1808 488 1865 humanorum,
512 1808 618 1856 Deo
642 1808 795 1857 vitam
818 1808 1059 1872 tantisper
1082 1808 1338 1873 largiente,
1364 1826 1534 1858 causas

146 1883 471 1934 ostendemus,

494 2328 643 2364 FINIS
670 2328 987 2362 VOLUMINIS
1015 2327 1194 2360 PRIMI.
