1936 3262
630 231 701 265 DE
729 231 1059 268 vocABULIS.
1483 222 1539 275 17

142 365 431 407 revocamus
465 351 518 400 in
552 352 790 412 animum,
827 361 878 402 et
913 353 1248 418 significamus
1285 354 1404 418 quid
1439 370 1540 403 non
1601 371 1719 404 PARS
1745 373 1773 405 1.

65 458 67 463 ·
142 426 485 490 cogitavimus
1597 417 1784 486 *Eg-2

66 503 73 536 Τ
142 539 153 543 ,
212 507 257 552 8.
296 503 492 552 Nomen
515 511 682 552 autem
701 506 976 570 positivum
1015 514 1065 554 et
1095 505 1382 570 negativum
1421 523 1538 554 con·
1558 508 1732 585 N0¹t1¹i¹213t
1770 553 1778 561 ,

141 578 434 628 tradictoria
450 580 581 628 inter
605 597 657 629 se
677 589 809 641 sunt,
835 582 907 630 ita
929 589 987 630 ut
1007 581 1227 645 ejusdem
1246 581 1318 629 rei
1336 582 1539 630 nomina
1556 563 1615 584 ⁶⁰¹¹
1631 564 1665 584 ra
1690 564 1717 585 ¹⁰
1733 564 1811 586 (Μ’

140 654 288 704 ambo
312 646 419 704 esse
441 671 542 703 non
571 656 780 720 possint.
852 658 1097 706 Praeterea
1127 657 1539 705 contradictorio-

68 752 69 755 *
140 745 252 778 rum
265 730 536 790 nominum,
553 732 764 780 alterum
780 733 980 797 quidem
987 733 1252 797 cujuslibet
1267 733 1340 780 rei
1355 749 1537 781 nomen

65 815 70 827 ”
140 815 234 855 est.
306 806 557 871 Quicquid
589 807 720 856 enim
746 818 837 868 est,
868 809 944 857 vel
970 809 1136 857 Homo
1166 816 1260 867 est,
1293 808 1372 856 vel
1397 808 1536 856 Non-

141 882 325 941 Homo,
359 882 542 931 Album
576 884 655 932 vel
689 900 791 932 non
826 885 1024 943 Album,
1061 891 1113 933 et
1137 884 1208 932 sic
1233 884 1294 932 de
1329 885 1535 933 caeteris.

141 958 291 1008 Quod
313 958 512 1023 quidem
537 959 845 1008 manifestius
869 968 946 1008 est
970 977 1119 1024 quam
1141 967 1199 1008 ut
1224 960 1426 1024 probari
1450 968 1538 1009 aut

70 1059 75 1069 ·-
137 1033 605 1098 explicari-amplius
635 1035 828 1084 debeat.
900 1037 1031 1084 Nam
1055 1037 1140 1101 qui
1164 1037 1260 1085 hoc
1286 1036 1356 1085 sic
1381 1053 1536 1085 enun-

137 1109 267 1159 tiant
301 1110 445 1159 Idem
472 1129 568 1159 non
602 1119 772 1177 potest
795 1130 922 1172 esse,
947 1119 997 1160 et
1022 1130 1118 1160 non-
1142 1129 1268 1172 esse,
1294 1113 1533 1161 obscure:

68 1178 72 1186 ’
137 1186 223 1250 qui
255 1202 374 1235 vero
411 1187 496 1246 sic,
538 1188 795 1251 Quicquid
827 1195 920 1246 est,
956 1188 1036 1235 vel
1069 1195 1162 1245 est,
1199 1188 1279 1235 vel
1309 1205 1403 1236 non
1439 1196 1532 1248 est,

71 1278 73 1284 ’
136 1263 288 1312 etiam
307 1263 520 1312 absurde
546 1271 597 1311 et
619 1264 827 1312 ridicule
849 1264 1136 1328 loquuntur.
1210 1265 1373 1328 Hujus
1398 1265 1534 1314 axio-

135 1339 282 1387 matis
306 1339 554 1388 certitudo
589 1339 824 1387 nimirum
863 1340 1096 1402 (duorum
1130 1340 1387 1388 nominum
1415 1357 1534 1388 con-

135 1415 556 1474 tradictoriorum,
582 1416 794 1464 alterum
819 1416 1082 1479 cujuslibet
1104 1416 1177 1463 rei
1201 1433 1383 1464 nomen
1408 1433 1531 1476 esse,

62 1489 67 1546 Ῐ
133 1491 346 1541 alterum
382 1507 483 1540 non
521 1493 648 1553 esse)
694 1492 994 1555 principium
1036 1499 1112 1540 est
1150 1500 1201 1540 et
1239 1492 1533 1542 fundamen-

67 1563 69 1567 ’
134 1575 241 1616 tum
256 1567 416 1616 omnis
429 1567 841 1627 ratiocinationis,
857 1568 910 1616 id
925 1575 1002 1615 est
1017 1569 1177 1616 omnis
1184 1568 1531 1632 philosophiae;

132 1644 302 1708 itaque
336 1651 567 1693 accurate
603 1644 852 1692 enuntiari
886 1644 1073 1703 debuit,
1109 1651 1166 1692 ut
1190 1645 1418 1694 omnibus
1443 1663 1533 1710 per

74 1762 77 1767 .
134 1736 188 1769 se
211 1721 345 1770 clara
366 1728 418 1769 et
439 1721 702 1785 perspicua
726 1728 871 1779 esset,
897 1721 1026 1769 sicut
1043 1737 1217 1769 revera
1236 1730 1328 1781 est,
1353 1722 1450 1770 nisi
1473 1723 1532 1771 iis

75 1854 77 1856 ,
131 1796 220 1860 qui
242 1797 419 1861 longos
443 1796 504 1845 de
527 1797 621 1845 hac
644 1813 698 1845 re
723 1813 974 1845 sermones
999 1797 1132 1861 apud
1164 1798 1531 1862 metaphysicos

131 1873 371 1938 legentes,
394 1873 482 1921 ubi
503 1873 629 1922 nihil
649 1873 853 1937 vulgare
878 1873 977 1921 dici
999 1881 1196 1938 putant,
1222 1874 1274 1922 id
1298 1875 1431 1938 quod
1455 1876 1530 1923 in-

73 1939 93 1973 *
131 1949 380 2013 telligunt‚
404 1948 682 2012 intelligere
706 1965 758 1996 se
782 1949 1027 1997 nesciunt.

73 2076 75 2078 ,
198 2030 246 2073 9.
283 2024 491 2084 Deinde,
526 2024 784 2073 nominum
819 2025 916 2073 alia
950 2033 1067 2073 sunt
1107 2025 1332 2089 pluribus
1380 2027 1527 2075 rebus
1548 2034 1677 2066 Nomen

131 2101 421 2160 communia,
455 2108 514 2150 ut
555 2100 711 2158 homo,
754 2101 909 2149 arbor
924 2120 943 2157 ;
1002 2101 1099 2150 alia
1136 2102 1343 2166 singulis
1379 2104 1526 2151 rebus
1545 2088 1726 2110 mmmm&

75 2220 77 2222 ,
120 2177 366 2242 propria,
405 2185 464 2226 ut
510 2177 569 2225 Is
608 2177 697 2242 qui
733 2177 948 2242 scripsit
981 2177 1216 2237 Iliadem,
1256 2178 1526 2237 Homerus,

69 2266 72 2271 ·
128 2248 254 2312 Hie,
267 2278 281 2291 e
293 2252 410 2302 Ille.
481 2253 675 2301 Nomen
693 2261 861 2302 autem
885 2271 1149 2313 commune,
1189 2270 1303 2302 cum
1327 2254 1391 2302 sit
1414 2254 1523 2318 plu-

127 2327 257 2377 rium
279 2345 446 2378 rerum
469 2329 723 2394 sigillatim
755 2338 1064 2394 sumptarum
1087 2346 1287 2389 nomen,
1313 2346 1413 2378 non
1439 2346 1526 2378 au-

86 2468 88 2470 ,
127 2411 232 2452 tem
265 2405 523 2454 collective
559 2406 780 2454 omnium
815 2406 960 2454 simul
1001 2407 1079 2469 (ut
1114 2406 1272 2465 homa,
1309 2421 1410 2454 non
1449 2415 1553 2455 est>

74 2507 81 2531 ‚r
125 2479 541 2544 gener‘nfflumani
555 2498 753 2541 nomen,
775 2482 862 2530 sed
880 2483 1283 2546 uniuscujusque,
1299 2490 1356 2529 ut
1375 2482 1523 2542 Petri,

125 2555 369 2604 Johannis
392 2563 444 2605 et
467 2564 760 2606 caeterorum
783 2558 1040 2607 hominum
1065 2558 1291 2620 seorsim)
1315 2566 1523 2607 vocatur

0 2646 3 2654 ²
77 2680 80 2681 γ
126 2631 192 2680 ob
238 2647 348 2679 eam
383 2647 489 2681 rem
533 2633 835 2681 universale.
912 2635 1003 2682 Est
1044 2650 1163 2698 ergo
1206 2649 1389 2681 nomen
1425 2634 1520 2682 hoc
1586 2694 1591 2697 j

77 2739 82 2776 ἑ
125 2706 429 2768 universale,
475 2724 578 2757 non
618 2709 691 2758 rei
727 2709 935 2774 alicujus
973 2710 1231 2758 existentis
1267 2709 1319 2757 in
1354 2726 1521 2758 rerum
1588 2700 1602 2709 ‘

79 2784 86 2843 j
123 2791 320 2844 natura,
355 2780 517 2848 necfue
540 2784 679 2845 ideae,
716 2787 818 2834 sive
851 2786 1213 2851 phantasmatis
1237 2785 1443 2850 alicujus
1466 2786 1518 2836 in

1287 2877 1315 2910 c
