1910 3256
488 276 582 318 358
1048 291 1301 325 PHYsmA.

241 397 433 471 I‘Algglv·
489 396 511 443 Z
524 396 640 444 bke
675 398 725 445 in
757 399 891 447 horis
922 407 978 448 12
1007 402 1153 463 paulo
1178 403 1399 466 amplius,
1424 419 1598 467 nempe
1620 405 1738 453 min.
1761 405 1862 454 fere
1895 438 1898 442 ι

259 486 422 509 »να
488 477 568 530 26,
593 472 644 519 id
667 480 757 531 est,
775 474 1006 522 circuitus
1020 475 1169 524 faciet
1189 477 1310 525 duos
1335 478 1385 525 in
1399 478 1533 526 horis
1558 485 1637 538 24,
1661 479 1861 529 minutis

242 534 470 608 ffiugaossggm,
487 546 588 594 fere
614 553 690 595 52.
759 549 971 597 Tantum
1003 560 1169 599 autem
1205 554 1515 601 observatum
1551 562 1626 602 est
1663 570 1767 603 esse
1800 556 1860 604 ab

487 629 611 669 aestu
648 638 835 671 summo
873 625 936 672 ad
972 634 1145 674 aestum
1182 644 1422 675 summum
1466 629 1561 676 diei
1601 630 1860 693 sequentis.
1898 652 1910 692 ἢ

488 697 694 760 Objecta
730 714 845 761 ergo
884 716 1121 763 aquarum
1152 704 1314 750 cursui
1340 720 1453 766 pars
1476 704 1715 752 Americae
1738 706 1861 754 Aus-
1909 739 1910 769 3

487 772 623 819 tralis
660 773 807 820 faciet
846 774 1136 840 interrumpi
1182 794 1348 825 earum
1393 788 1581 826 motum
1621 779 1686 826 ad
1714 779 1862 829 ‘litora
1909 776 1910 779 ¹

485 847 724 895 Americae
766 848 1023 908 Australis,
1075 860 1139 909 et,
1184 868 1272 914 per
1318 869 1633 916 consequens,
1679 853 1731 901 in
1766 852 1862 902 illis

485 921 606 968 locis
653 922 829 969 elevari
866 941 1033 987 aquas,
1074 934 1123 973 et
1166 942 1334 974 rursus
1374 928 1574 991 propria
1621 928 1863 992 gravitate

485 996 713 1055 residere,
751 998 826 1045 bis
865 999 915 1045 in
941 1001 1097 1063 spatio
1131 1007 1191 1048 24
1227 1001 1458 1049 horarum
1489 1014 1539 1050 et
1560 1003 1861 1052 minutorum·

488 1077 565 1118 52.
636 1072 954 1121 Reddidimus
979 1091 1094 1138 ergo
1120 1092 1315 1123 causam
1337 1077 1617 1139 possibilem
1648 1078 1862 1142 reciproa

486 1146 692 1194 cationis
729 1149 897 1195 oceani
933 1149 1135 1198 diurnae.
1205 1152 1250 1198 A
1278 1159 1469 1199 tumore
1493 1153 1662 1200 oceani
1684 1153 1736 1201 in
1765 1153 1863 1203 illis

485 1230 629 1269 terrae
665 1223 901 1285 partibus,
928 1234 1197 1273 nascuntur
1220 1227 1367 1274 maris
1392 1227 1645 1287 Atlantici,
1682 1228 1861 1291 Hispa‘·

483 1297 597 1355 nici,
624 1298 910 1358 Britannici,
933 1308 983 1347 et
1011 1301 1286 1349 Germanici
1309 1318 1532 1350 accessus
1555 1310 1605 1350 et
1626 1318 1859 1363 recessus,

483 1373 648 1420 maris
667 1374 785 1420 stati
809 1375 1021 1437 quidem,
1061 1377 1147 1423 sed
1180 1393 1270 1439 pro
1300 1377 1537 1425 varietate
1577 1377 1777 1426 litorum
1808 1379 1886 1447 ist,

485 1446 685 1495 diversis
702 1448 797 1496 diei
811 1450 944 1498 horis
961 1472 972 1505 ;
999 1459 1048 1498 et
1065 1452 1314 1515 aliquanto
1335 1453 1482 1500 etiam
1499 1453 1646 1512 aucti,
1661 1461 1863 1517 propter

484 1522 678 1585 objecta
712 1524 860 1571 litora
895 1526 1187 1574 Simensium
1218 1535 1268 1574 et
1291 1529 1622 1587 Tartarorum,
1648 1529 1733 1576 ubi
1756 1528 1872 1576 sur-⁵v

483 1598 643 1660 gentis
668 1615 807 1661 aquae
836 1617 950 1663 pars
975 1601 1233 1650 divertitur
1268 1619 1356 1666 per
1396 1604 1577 1651 fretum
1611 1603 1773 1651 Anian
1808 1603 1862 1652 in

482 1688 615 1719 mare
650 1674 1039 1736 Septentrionale
1071 1677 1409 1740 redundatque
1431 1678 1482 1725 in
1507 1694 1640 1726 mare
1663 1678 1886 1727 Germa-1

482 1748 647 1795 nicum
671 1765 700 1795 a
721 1765 861 1812 parte
884 1751 1083 1798 boreali.

551 1823 708 1871 Causa
743 1833 907 1872 autem
948 1842 1097 1888 quare
1132 1827 1341 1874 maxime
1377 1827 1607 1875 tumescit
1641 1843 1775 1875 mare
1808 1827 1869 1876 ilr-

483 1898 743 1946 noviluniis
782 1908 832 1946 et
868 1901 918 1947 in
949 1901 1245 1963 pleniluniis,
1281 1910 1355 1949 est
1385 1910 1548 1950 motus
1583 1901 1680 1960 ille,
1716 1910 1871 1966 quens

484 1973 574 2020 sibi
603 1974 857 2036 proprium
893 1983 943 2022 et
980 1976 1248 2038 simplicem
1279 1979 1427 2025 etiam
1459 1977 1588 2024 lunae
1620 1978 1681 2024 ab
1717 1977 1867 2045 initiof.

484 2065 543 2095 ex
565 2048 826 2111 hypothesi
850 2039 1180 2098 attribuimus.
1251 2052 1401 2115 Cujus
1426 2060 1589 2100 motus
1613 2053 1665 2100 in
1690 2053 1788 2100 sole
1809 2060 1864 2102 et

481 2123 597 2170 luna
615 2124 716 2186 poli
738 2133 853 2172 sunt
875 2125 1022 2173 iidem
1047 2143 1158 2173 cum
1176 2127 1301 2189 polis
1325 2127 1693 2190 aequinoctialis.
1747 2128 1857 2179 Quo

483 2199 753 2261 supposito,
780 2202 1013 2264 sequitur,
1040 2202 1271 2264 quoniam
1303 2202 1390 2256 sol,
1418 2202 1535 2250 luna
1569 2211 1619 2250 et
1654 2203 1856 2250 terrain

483 2274 709 2321 omnibus
747 2275 1008 2323 noviluniis
1046 2284 1096 2323 et
1132 2277 1410 2339 pleniluniis
1447 2285 1561 2325 sunt
1595 2277 1647 2324 in
1689 2271 1855 2325 eadem

480 2348 581 2395 fere
599 2357 735 2396 recta
758 2350 900 2409 linea,
925 2358 981 2397 ut
1011 2359 1173 2398 motus
1192 2352 1272 2399 hic
1296 2360 1440 2400 terrae
1462 2352 1676 2400 velocior
1696 2353 1783 2400 fiat
1803 2352 1871 2401 in*

480 2424 741 2472 noviluniis
783 2433 833 2472 et
877 2426 1155 2488 pleniluniis
1203 2443 1350 2489 quam
1393 2428 1446 2475 in
1491 2427 1852 2491 quadrantibus.

481 2498 609 2546 Nam
632 2508 794 2547 motus
817 2500 898 2547 hic
922 2501 1036 2548 solis
1060 2508 1110 2547 et
1144 2501 1272 2549 lunae
1305 2502 1689 2550 communicatus
1712 2510 1859 2551 terrae

480 2581 670 2620 motum
710 2573 838 2621 illius
880 2575 1086 2622 similem
1130 2577 1404 2624 necessario
1445 2585 1608 2640 auget,
1648 2577 1857 2624 maxime

481 2656 646 2695 tamen
692 2665 804 2696 oum
842 2657 956 2697 sunt
990 2650 1042 2697 in
1082 2650 1252 2698 eadem
1282 2651 1411 2699 linea
1444 2659 1604 2707 recta;
1639 2652 1691 2699 id
1724 2646 1852 2715 quod

482 2724 726 2787 contingit
748 2724 800 2771 in
822 2724 1083 2772 noviluniis
1108 2733 1156 2772 et
1177 2726 1455 2788 pleniluniis
1479 2727 1607 2774 solis.

198 2819 303 2848 eausa
554 2806 629 2846 11.
665 2799 746 2846 Ad
784 2815 982 2847 causam
1023 2801 1360 2863 explicandam
1393 2801 1727 2865 praecessionis
1767 2814 1855 2848 ana‘

196 2860 461 2946 {ffifflfssfflssssm
479 2890 589 2923 nuae
606 2883 901 2938 punctorum
919 2876 1348 2939 aequinoctialium,
1366 2877 1642 2925 meminisse
1659 2883 1857 2940 oportet·
