1936 3262
485 314 750 348 EPISTOLA
777 313 1173 348 DEDICATORIA.

58 455 65 485 1
104 451 214 500 quae
243 435 581 500 ,philosophiae
628 443 741 483 sunt
786 435 967 483 rationi
1015 434 1229 482 naturali
1270 434 1561 482 tribuantur.

106 536 260 586 Quod
303 545 438 585 certe
483 536 668 584 factum
722 537 817 584 erit
864 537 904 584 si
949 535 1271 599 philosophiae
1326 535 1567 583 elementa

0 634 1 641 ’
59 650 61 652 “
104 638 311 687 seorsim
350 654 465 700 vere
503 646 554 686 et
587 638 765 696 lucide,
802 647 858 687 ut
891 654 1044 686 conor
1065 637 1245 695 facere,
1271 643 1565 684 tractavero.

106 738 280 802 Itaque
313 755 425 787 cum
448 739 500 787 in
524 739 742 788 sectione
778 740 943 798 tertia,
981 755 1126 802 quam
1158 737 1249 786 tibi
1275 736 1567 801 jamdudum

105 839 290 888 editam
321 839 560 899 dedicavi,
594 841 816 903 regimen
852 856 1012 899 omne,
1052 848 1155 888 tam
1185 838 1568 887 ecclesiasticum

105 955 254 1003 quam
277 940 438 1000 civile,
459 941 534 989 'ad
571 957 726 989 unum
763 941 992 1004 idemque
1026 940 1287 1004 imperium
1325 955 1565 987 summum

105 1041 394 1089 firmissimis
416 1042 703 1101 rationibus,
728 1043 891 1091 Verbo
917 1042 1096 1090 Divino
1117 1057 1219 1090 non
1242 1049 1568 1105 repugnante,

38 1167 41 1190 ς
106 1142 472 1198 revocaverim;
510 1143 774 1206 aggredior
808 1159 956 1201 nunc,
986 1143 1320 1191 fundamentis
1355 1142 1570 1205 physicae

32 1257 33 1261 ’
105 1242 234 1290 veris
269 1242 497 1306 clareque
528 1243 783 1302 ordinatis,
823 1244 1087 1306 Empusam
1128 1243 1275 1291 istam
1316 1243 1571 1306 metaphy-

107 1343 274 1402 sicam,
310 1359 411 1391 non
445 1343 728 1406 pugnando,
767 1343 853 1391 sed
877 1343 1008 1390 diem
1032 1343 1287 1391 inferendo
1324 1351 1571 1391 exterrere

106 1451 254 1508 atque
299 1445 516 1509 abigere.
611 1446 817 1494 Confido
865 1440 1011 1504 enim,
1060 1445 1100 1492 si
1148 1461 1294 1507 quam
1339 1444 1571 1492 fiduciam

107 1547 277 1610 scripti
309 1547 568 1595 scribentis
597 1547 761 1606 timor,
795 1547 1109 1610 respectatio,
1146 1546 1418 1594 diffidentia
1449 1563 1572 1609 prae-

109 1654 240 1695 stare
262 1655 443 1711 potest,
467 1647 520 1696 in
538 1648 696 1696 tribus
719 1647 871 1696 libelli
894 1648 1040 1711 hujus
1072 1648 1294 1711 partibus
1325 1648 1572 1711 prioribus

21 1807 25 1822 -,
109 1763 169 1795 ex
210 1746 610 1804 definitionibus;
666 1749 717 1796 in
764 1757 938 1813 quarta
983 1765 1042 1796 ex
1082 1749 1436 1813 hypothesibus
1470 1767 1572 1798 non

20 1839 22 1855 ³
107 1847 332 1896 absurdis
356 1850 523 1898 omnia
554 1866 658 1899 esse
682 1851 901 1915 legitime
927 1851 1277 1899 demonstrata.
1350 1851 1498 1900 Quod
1533 1853 1572 1900 si

19 1943 22 1977 f
109 1964 208 2012 qua
243 1949 335 1998 tibi
371 1950 726 2000 demonstratio
763 1953 924 2002 minus
955 1953 1102 2017 plena
1123 1952 1387 2011 videbitur,
1425 1969 1572 2016 quam

108 2056 166 2097 ut
198 2052 355 2114 possit
391 2053 617 2101 omnibus
653 2054 950 2113 satisfacere,
990 2070 1136 2102 causa
1173 2061 1280 2102 erat
1305 2054 1437 2116 quod
1471 2070 1571 2102 non

111 2152 278 2200 omnia
309 2154 554 2213 omnibus,
579 2155 666 2202 sed
703 2155 869 2219 aliqua
903 2156 1171 2219 geometris
1207 2156 1320 2203 solis
1358 2155 1572 2203 scribere

108 2255 390 2318 profiterer.
464 2254 600 2303 Quin
625 2265 792 2303 autem
820 2257 911 2311 tibi
942 2256 1106 2304 omnia
1129 2256 1439 2305 satisfactura
1474 2258 1572 2306 sint

115 2355 342 2403 dubitare
365 2371 466 2404 non
488 2372 704 2419 possum.

179 2456 354 2505 Restat
365 2457 469 2520 jam
484 2457 637 2506 sectio
654 2458 871 2525 secunda
888 2457 970 2506 De
984 2458 1214 2517 Homine,
1232 2459 1370 2522 cujus
1383 2466 1573 2522 partem

113 2573 238 2616 eam,
278 2572 374 2620 qua
406 2565 647 2607 tractatur
684 2559 880 2623 Optica,
919 2567 1030 2608 octo
1066 2560 1305 2623 capitibus
1340 2561 1572 2625 scriptam

113 2658 479 2722 figurarumque
516 2660 720 2724 singulis
764 2662 1005 2725 capitibus
1045 2661 1467 2725 adjungendamm
1501 2668 1575 2710 ta-

114 2758 254 2807 bulas
300 2767 417 2808 ante
465 2776 550 2809 sex
596 2778 751 2810 annos
803 2763 1017 2826 sculptas
1063 2770 1355 2827 paratasque
1401 2764 1574 2812 habeo.

117 2859 322 2919 Caetera,
363 2860 560 2910 favente
598 2861 722 2920 Deo,
764 2871 819 2911 ut
860 2871 1049 2926 potero,
1092 2863 1351 2927 adjiciam3
1389 2865 1479 2913 etsi
1515 2864 1575 2912 de
