1936 3262
411 262 467 304 16
723 272 1074 306 COMPUTATIO
1103 272 1226 305 s1vE
1255 271 1469 305 Loech.

171 402 287 434 PARS
305 402 334 434 1.
403 388 533 436 nilzil
565 389 755 437 dicetur
788 397 921 437 recte
962 390 1021 437 de
1056 390 1268 448 residuo,
1305 390 1387 438 ubi
1421 391 1580 452 majus
1614 390 1776 442 detra-

167 492 341 516 m-‚f-f
402 464 538 512 hitur
571 481 600 512 a
632 465 835 512 minore.
919 465 1214 528 Hujusmodi
1255 466 1384 513 enim
1426 464 1622 513 residua
1660 465 1776 513 doc-

401 539 544 587 trinae
579 555 725 588 causa
758 540 901 603 fingit
935 540 1027 587 sibi
1061 540 1266 598 animus,
1303 540 1550 604 cupitque,
1585 540 1776 604 quoties

403 631 525 678 opus
543 623 632 674 est,
653 615 705 663 in
722 615 1006 662 memoriam
1027 631 1273 664 revocare.
1344 615 1590 665 Quoniam
1612 623 1777 664 autem

403 707 572 738 nomen
613 706 756 738 omne
800 691 863 738 ad
911 690 1110 754 aliquod
1157 692 1451 739 nominatum
1487 691 1776 739 relationem

402 766 597 825 habeat,
623 774 673 814 et
698 766 739 814 si
761 766 1067 814 nominatum
1091 783 1191 814 non
1216 782 1408 830 semper
1434 782 1512 814 res
1537 766 1616 824 sit,
1651 766 1777 814 exis-

404 849 513 890 tens
554 842 606 889 in
653 857 818 889 rerum
862 848 1054 899 natura,
1113 842 1280 889 licebit
1326 850 1491 889 tamen
1539 841 1777 889 doctrinae

404 933 550 965 causa
587 933 678 980 pro
724 916 973 963 nominato
1014 933 1115 964 rem
1154 917 1330 976 dicere,
1372 925 1606 980 tanquam
1646 915 1776 964 idem

403 999 581 1051 essent,
607 992 707 1040 sive
727 1008 810 1038 res
834 991 917 1038 illa
940 1008 1054 1039 vere
1079 992 1271 1051 existat,
1298 993 1398 1040 sive
1421 993 1540 1040 ficta
1563 992 1642 1040 sit.
1792 1047 1796 1052 A

164 1080 307 1132 N01313na
470 1070 515 1122 7.
565 1067 832 1115 Nominum
874 1067 1125 1114 distinctio
1163 1068 1321 1130 prima
1358 1067 1467 1125 erit,
1511 1067 1646 1130 quod
1681 1067 1777 1115 alia

163 1124 377 1209 ξοχῗέἓέζῑῑη,
403 1143 502 1190 sint
522 1142 748 1206 positiva
774 1142 874 1188 sive
897 1142 1214 1203 affirmativa,
1245 1142 1339 1189 alia
1376 1142 1628 1205 negativa,
1667 1157 1776 1205 quae

402 1225 453 1266 et
468 1217 745 1281 privativa,
771 1224 820 1264 et
845 1216 1042 1278 infinita
1066 1216 1300 1279 appellari
1320 1216 1493 1263 solent.
1547 1216 1776 1264 Positiva

401 1301 531 1352 sunt,
589 1308 697 1356 quae
741 1299 943 1355 propter
994 1291 1375 1349 similitudinem,
1431 1291 1774 1354 aequalitatem,

400 1369 478 1416 vel
502 1368 840 1420 identitatem;
882 1367 1119 1430 negativa
1157 1383 1264 1430 quae
1296 1374 1499 1429 propter
1522 1366 1776 1415 diversita-

401 1451 501 1492 tem
523 1443 601 1491 vel
624 1442 1082 1500 dissimilitudinem,
1107 1442 1184 1489 vel
1206 1441 1590 1504 inaequalitatem
1612 1457 1776 1489 rerum

401 1519 726 1583 cogitatarum
759 1518 1092 1580 imponuntur.
1168 1517 1369 1564 Illorum
1404 1516 1625 1579 exempla
1659 1515 1773 1575 sint,

399 1594 553 1652 homo,
583 1593 932 1657 philosophus,
966 1608 1080 1639 nam
1103 1591 1241 1638 homo
1279 1591 1546 1654 quemlibet
1587 1607 1614 1638 e
1651 1591 1774 1639 mul-

399 1670 463 1717 tis
487 1669 780 1726 hominibus,
803 1668 1121 1731 philosophus
1146 1667 1412 1729 quemlibet
1436 1683 1462 1714 e
1481 1667 1648 1715 multis
1666 1667 1774 1730 phi-

399 1745 615 1808 losophis
651 1744 853 1791 denotat
885 1751 1087 1806 propter
1122 1742 1340 1789 omnium
1372 1742 1772 1797 similitudinem3

398 1821 518 1868 item
562 1820 801 1867 Socrates
845 1818 1110 1882 positivum
1151 1834 1331 1865 nomen
1377 1825 1466 1876 est,
1511 1825 1775 1880 propterea

400 1897 532 1959 quod
549 1912 701 1943 unum
720 1910 910 1958 semper
927 1902 1074 1956 atque
1094 1893 1304 1941 eundem
1321 1893 1539 1940 denotat.
1596 1892 1774 1957 Nega-

400 1971 608 2018 tivorum
646 1970 866 2033 exempla
902 1977 1032 2027 sunt,
1071 1984 1179 2031 quae
1214 1969 1340 2015 fiunt
1382 1983 1443 2015 ex
1478 1967 1671 2030 adjecta
1710 1967 1774 2015 ad

388 2045 662 2109 positivum
693 2044 934 2108 particula
968 2043 1198 2106 negativa
1220 2059 1316 2090 non
1331 2060 1350 2097 ;
1385 2050 1442 2090 ut
1473 2058 1573 2090 non
1609 2042 1772 2099 homo,

398 2136 499 2167 non
521 2119 854 2183 philosophus.
915 2119 1040 2166 Sunt
1064 2125 1228 2165 autem
1253 2117 1480 2181 positiva
1515 2117 1770 2180 negativis

396 2195 576 2257 priora,
612 2209 771 2257 neque
795 2194 924 2241 enim
946 2193 1040 2240 nisi
1071 2192 1494 2256 praeexistentibus
1526 2191 1621 2239 illis
1654 2207 1771 2239 usus

396 2270 573 2317 horum
607 2285 712 2316 esse
748 2270 939 2332 potuit3
976 2285 1090 2316 nam
1123 2285 1235 2316 cum
1268 2283 1448 2315 nomen
1482 2266 1587 2314 albi
1624 2267 1770 2315 certis

396 2345 542 2392 rebus
565 2344 847 2407 impositum
871 2351 960 2402 est,
993 2343 1221 2406 deinceps
1245 2359 1359 2390 vero
1384 2342 1490 2390 aliis
1513 2343 1659 2390 rebus
1682 2358 1771 2390 no-

397 2420 531 2467 mina
576 2419 733 2483 nigri,
783 2418 997 2477 caerulei,
1040 2417 1300 2481 diaphani,
1336 2417 1424 2478 ᾇτ’.
1460 2433 1560 2464 non
1595 2424 1769 2480 potue-

396 2503 514 2542 runt
554 2495 730 2542 horum
775 2493 992 2541 omnium
1038 2509 1149 2540 cum
1193 2492 1306 2539 albo
1352 2492 1768 2540 dissimilitudines

398 2586 505 2632 quae
523 2585 726 2617 numero
744 2569 948 2616 infinitae
967 2576 1095 2627 sunt,
1115 2584 1214 2615 uno
1232 2568 1429 2615 nomine
1443 2575 1768 2631 praeterquam

396 2644 502 2692 albi
524 2644 801 2708 negatione,
825 2643 919 2691 hoc
944 2650 1034 2700 est,
1058 2643 1255 2690 nomine
1288 2642 1524 2701 non-albi,
1548 2642 1626 2690 vel
1653 2642 1768 2690 huic

396 2720 729 2782 aequipollenti
755 2720 806 2766 in
842 2735 937 2782 quo
971 2734 1067 2765 vox
1101 2717 1205 2764 albi
1239 2718 1480 2780 repetitur
1507 2717 1668 2780 (quale
1693 2725 1767 2765 est

392 2794 509 2843 ‚albo
556 2794 818 2856 dissimile)
855 2793 1110 2841 contineri.
1197 2793 1360 2856 Atque
1405 2793 1482 2840 his
1525 2792 1766 2857 negativis
