1936 3262
260 361 375 395 PARS
393 364 461 395 111.

328 409 377 439 22.

275 454 438 477 »Ὓ-..κ

234 500 324 530 Actio
339 505 370 530 et
384 511 431 531 re-

234 543 315 573 actio
331 554 387 583 per
402 554 472 574 ean-

233 586 304 616 dem
321 597 427 627 proce-

232 629 312 660 dunt
328 630 456 661 lineam.

227 1417 365 1450 Habitus
377 1421 464 1461 quid.
484 1451 486 1453 ,

492 241 585 283 284
819 254 888 289 DE
916 256 1256 291 RA'rionth
1286 258 1543 293 Mo'rUUM.

566 368 638 410 19.
674 364 819 412 Aetio
852 375 902 413 et
939 367 1122 414 reactio
1160 384 1247 430 per
1278 369 1482 416 eandem
1513 370 1638 417 fiunt
1667 369 1859 432 lineam,

494 437 580 485 sed
602 454 632 485 a
654 440 873 487 terminis
903 442 1154 504 oppositis.
1225 443 1347 490 Cum
1371 444 1499 491 enim
1523 444 1706 492 reactio
1738 444 1859 495 nihil

490 512 621 560 aliud
645 514 723 572 sit,
752 532 896 577 quam
930 517 1147 579 corporis
1182 518 1413 580 patientis
1450 535 1554 566 sese
1578 519 1629 566 in
1653 519 1858 570 eundem

490 587 652 645 situm,
693 590 823 637 unde
858 607 887 638 a
927 600 1107 639 conatu
1145 593 1334 655 agentis
1377 594 1682 653 deturbatur,
1718 596 1857 644 resti-

489 663 658 710 tuendi
705 674 923 724 conatus,
975 676 1179 715 conatus
1225 668 1326 715 sive
1382 676 1544 716 motus
1591 669 1855 733 utriusque,

489 754 662 801 nempe
713 742 902 803 agentis
962 750 1012 789 et
1057 743 1318 806 reagentis,
1375 751 1675 806 propagatur
1729 743 1857 793 inter

488 814 683 861 eosdem
716 816 968 875 terminos,
1002 817 1072 864 ita
1105 824 1269 866 tamen
1306 826 1361 865 ut
1404 818 1535 881 quod
1577 818 1628 866 in
1665 817 1862 867 actione'

488 896 562 935 est
587 889 822 937 terminus
847 907 879 937 a
903 907 1013 954 qzw,
1049 891 1099 938 in
1130 892 1379 939 reactione
1412 893 1476 940 sit
1513 892 1749 940 terminus
1789 893 1860 943 ad

487 980 660 1026 quem:
697 981 904 1029 cumque
928 966 999 1013 ita
1030 983 1080 1014 se
1112 983 1188 1014 res
1212 967 1392 1015 habeat
1423 984 1523 1015 non
1556 967 1702 1016 modo
1726 967 1856 1033 inter

487 1039 721 1087 terminos
759 1042 1008 1103 oppositos
1047 1042 1197 1089 totius
1234 1042 1375 1090 lineae
1415 1059 1503 1105 per
1541 1059 1687 1106 quam
1726 1039 1854 1092 aetio

484 1122 799 1177 propagatur,
847 1116 932 1163 sed
978 1116 1125 1163 etiam
1179 1132 1267 1179 per
1313 1133 1481 1164 omnes
1534 1119 1636 1181 ejus
1675 1126 1854 1181 partes,

484 1189 681 1236 termini
722 1207 753 1237 a
799 1207 893 1254 quo
936 1199 986 1238 et
1029 1191 1078 1238 in
1124 1208 1263 1254 quem
1310 1199 1411 1239 tam
1457 1191 1664 1240 actionis
1711 1189 1886 1255 quam'
1934 1188 1936 1217 ²

486 1265 742 1312 reactionis
771 1265 823 1312 in
859 1266 1029 1314 eadem
1061 1274 1205 1313 erunt
1240 1266 1383 1314 linea.
1453 1267 1531 1314 Fit
1568 1282 1684 1330 ergo
1724 1267 1852 1315 aetio
1900 1319 1902 1322 ,
1935 1280 1936 1286 ’

484 1347 533 1386 et
556 1340 737 1387 reactio
762 1340 812 1387 in
837 1341 1006 1388 eadem
1029 1341 1171 1388 linea.

480 1505 649 1552 gemus
674 1491 820 1537 etiam
842 1491 1026 1554 aliquid
1050 1491 1109 1538 de
1134 1490 1318 1538 habitu.
1389 1492 1478 1538 Est
1501 1491 1632 1538 enim
1654 1490 1852 1539 habitus

480 1573 641 1612 motus
700 1566 922 1628 quaedam
977 1566 1245 1629 generatio,
1304 1582 1402 1613 non
1447 1566 1644 1629 quidem
1688 1573 1853 1614 motus
1888 1587 1907 1622 '1

481 1641 779 1703 simpliciter,
823 1642 908 1688 sed
944 1642 1066 1689 moti
1103 1658 1190 1704 per
1233 1649 1417 1688 certam
1458 1649 1507 1688 et
1549 1641 1850 1704 designatam

1886 1339 1906 1352 X

548 1420 626 1463 20.
666 1415 788 1462 Cum
810 1415 901 1474 his,
927 1432 1034 1478 quae
1063 1416 1194 1463 dicta
1221 1424 1334 1463 sunt
1366 1416 1426 1464 de
1460 1423 1615 1475 motu,
1651 1417 1854 1479 conjun-
1895 1479 1897 1483 Α

479 1715 607 1762 viam
631 1717 892 1764 conductio
916 1717 1086 1764 facilis.
1158 1717 1305 1765 Quod
1331 1733 1442 1763 cum
1473 1717 1561 1764 fiat
1594 1732 1681 1779 per
1705 1733 1850 1764 cona·
1888 1737 1890 1740 ·

479 1798 633 1848 tuum,
659 1792 742 1853 qui
765 1800 952 1839 motum
986 1793 1251 1849 divertunt,
1289 1792 1690 1850 debilitationem,
1716 1791 1848 1839 debi-

478 1865 652 1912 litandi
677 1874 790 1913 sunt
813 1867 1048 1929 paulatim
1071 1867 1192 1914 tales
1219 1874 1438 1914 conatus.
1510 1867 1567 1914 Id
1591 1867 1721 1929 quod
1743 1867 1848 1914 fieri
1886 1887 1888 1889 >

479 1957 578 1987 non
597 1949 760 2004 potest
780 1942 883 1989 sine
902 1943 1092 1990 actione
1117 1942 1200 1989 diu
1220 1950 1462 2000 manente,
1479 1943 1556 1990 vel
1575 1941 1846 1989 actionibus

479 2017 730 2079 repetitis;
781 2025 830 2064 et
875 2025 1133 2080 propterea
1167 2033 1237 2064 -ex
1289 2017 1641 2065 consuetudine
1693 2017 1847 2064 oritur

477 2090 701 2150 facilitas,
747 2108 891 2154 quam
932 2093 1078 2155 vulgo
1121 2099 1171 2139 et
1215 2100 1348 2139 recte
1394 2092 1615 2139 habitum
1661 2092 1843 2145 dicunt.

478 2166 682 2213 Definiri
727 2174 890 2214 autem
926 2168 1019 2214 hoo
1064 2167 1209 2214 modo
1255 2174 1449 2230 potest:
1508 2167 1731 2214 Habitus
1771 2173 1845 2214 est

477 2248 632 2288 motus
664 2243 1026 2301 consuetudine,
1061 2243 1118 2289 id
1150 2249 1239 2300 est,
1268 2249 1519 2306 perpetuo
1558 2248 1734 2290 conatu
1769 2240 1847 2288 vel

477 2317 731 2364 conatibus
758 2317 957 2364 iteratis
982 2324 1155 2364 contra
1181 2323 1384 2364 conatus
1412 2317 1717 2374 resistenteS,
1742 2331 1843 2380 per.

477 2398 664 2438 certam
697 2392 824 2439 viam
859 2393 1105 2439 diversam
1129 2392 1191 2438 ab
1227 2409 1287 2438 ea
1319 2392 1369 2438 in
1403 2409 1501 2455 qua
1527 2408 1558 2438 a
1583 2390 1841 2455 principio

476 2474 686 2531 eoeptum
709 2474 785 2514 est
807 2468 1002 2525 moveri,
1019 2467 1205 2530 faetus
1241 2466 1539 2530 eoepeditior.
1610 2465 1757 2514 Quod
1788 2471 1842 2512 ut
1908 2525 1913 2530 1

476 2543 696 2605 exemplo
721 2543 883 2605 aliquo
907 2542 1061 2605 magis
1085 2541 1393 2604 perspicuum
1416 2542 1517 2599 fiat,
1540 2540 1839 2588 animadver-

475 2625 633 2664 tamus
659 2617 791 2679 quod
823 2632 933 2664 oum
965 2633 1162 2664 manum
1197 2616 1316 2679 lyrae
1352 2615 1580 2664 admovet
1615 2614 1839 2679 pulsandi

472 2692 741 2754 imperitus,
766 2700 878 2754 post
900 2692 1110 2755 primum
1132 2691 1284 2738 ictum
1316 2707 1415 2738 non
1450 2690 1635 2738 feretur
1668 2705 1837 2738 manus

472 2768 535 2815 ad
557 2768 732 2826 locum,
759 2784 901 2830 quem
925 2768 1004 2815 ille
1028 2767 1132 2815 vult
1162 2766 1386 2830 pulsandi
1418 2765 1684 2813 seeundum
1719 2780 1835 2822 esse,
