1936 3262
574 282 686 319 vrrAE
708 282 952 312 nonmANAE
972 281 1257 311 AUcTARmM.
1542 267 1633 309 xliii

80 398 101 427 '¹‘
131 447 133 450 Α
183 393 403 446 conflatur,
422 393 761 452 gravissimorum
774 393 999 436 criminum
1016 392 1242 450 postulant.
1303 390 1448 441 Quare
1467 407 1632 435 summa

185 499 282 529 enm
300 484 563 528 vehementia
580 484 820 542 increpitus,
842 484 1109 542 magistratus
1132 482 1359 526 academici
1378 482 1632 525 authoritate

184 576 341 621 moeri
359 575 541 620 inclusus
559 586 646 629 est;
676 586 819 634 postea
837 576 972 634 gradu
997 576 1196 633 privatus,
1225 574 1444 617 sodalitate
1463 584 1630 624 exutus,

183 666 408 712 academia
426 667 636 726 expulsus,
671 668 788 726 prius
823 676 964 711 tamen
998 682 1162 710 summa
1194 682 1291 710 cum
1323 666 1556 724 ignominia
1588 675 1631 708 et

183 753 389 804 dedecore
407 769 574 803 coactus
597 769 672 810 est,
699 774 777 817 pro
803 759 1004 802 concione
1032 759 1077 801 in
1107 758 1263 816 templo
1292 757 1474 815 publico,
1497 757 1632 800 theses

121 893 125 895 s
182 866 278 896 sam
297 860 500 911 tanquam
518 852 598 895 sibi
616 867 643 895 a
669 851 852 895 Plutone
877 851 1113 902 submissas,
1135 849 1190 893 ad
1213 850 1388 907 Stygem
1408 849 1632 901 damnare3

182 956 337 1001 euque
353 957 456 1001 erga
469 942 692 986 Summum
708 939 879 985 Numen
900 941 1060 999 impias,
1077 940 1278 998 omnique
1293 940 1489 982 humanae
1505 939 1634 982 socie-

183 1034 261 1078 tati
277 1033 656 1092 perniciosissimas,
677 1034 970 1091 pronunciare.

242 1124 313 1168 Sic
342 1135 436 1168 acta
477 1134 540 1168 est
569 1124 713 1168 isthaee
747 1124 1004 1183 tragediola3
1053 1123 1250 1167 Hobbius
1280 1132 1423 1166 autem
1453 1121 1633 1164 nominis

181 1214 248 1259 sui
275 1202 627 1259 existimationem
659 1215 825 1272 injustis
865 1214 1084 1257 calumniis
1114 1214 1258 1257 laesam
1286 1213 1407 1257 facile
1436 1213 1631 1264 sentiens,

181 1304 390 1365 dogmatis
407 1307 492 1350 suis
518 1316 611 1350 tum
629 1307 674 1348 in
704 1306 940 1364 sequiorem
966 1321 1135 1349 sensum
1164 1305 1353 1356 detortis,
1385 1314 1476 1347 tum
1505 1304 1633 1347 etiam

182 1397 362 1455 turpiter
372 1406 416 1441 et
427 1413 524 1441 cum
535 1397 760 1455 opprobrio
773 1396 994 1447 damnatis,
1011 1396 1184 1454 ipsoque
1198 1407 1400 1454 tanquam
1411 1396 1632 1439 atheorum

181 1489 456 1548 antesignano
474 1488 642 1546 publice
661 1463 885 1544 descripto,¹
904 1483 980 1544 per
999 1487 1139 1530 literas
1158 1487 1215 1529 ad
1233 1487 1387 1530 amicos
1406 1487 1460 1530 de
1479 1487 1536 1544 inj
1544 1488 1634 1530 uria

181 1581 365 1639 graviter
392 1589 643 1639 conquestus
661 1589 737 1631 est,
763 1579 837 1622 sed
866 1580 1087 1631 incassum,
1117 1594 1215 1622 cum
1244 1579 1290 1621 id
1319 1579 1516 1636 temporis
1542 1579 1633 1620 vin-

182 1671 313 1718 dicias
329 1687 425 1716 suas
443 1671 615 1730 publico
634 1671 736 1715 dare
755 1671 834 1729 ipsi
852 1671 1034 1714 liberum
1054 1686 1138 1714 non
1160 1681 1280 1714 esset.

239 1762 370 1806 Anno
392 1765 502 1808 1670
523 1762 737 1806 Antonius
755 1777 782 1805 a
803 1761 950 1813 Wood,
963 1743 1142 1820 'collegii
1171 1762 1455 1805 Mertonensis
1482 1762 1630 1812 socius,

183 1853 249 1896 vir
264 1853 539 1905 doctissimus,
563 1853 795 1896 Historiam
825 1862 868 1895 et
888 1853 1175 1911 Antiquitates
1193 1854 1447 1897 Oxoniensis
1468 1853 1631 1897 Acade-

133 1933 137 1939 *
183 1944 294 1996 miae,
323 1944 369 1987 in
397 1943 564 2002 quibus,
590 1958 667 2000 per
695 1943 945 1986 decennium
975 1952 1019 1985 et
1045 1943 1237 2000 amplius,
1270 1943 1517 1987 admiranda
1534 1959 1631 1987 cum

186 2034 396 2079 industria
424 2034 699 2085 laboraverat,
735 2033 906 2077 tandem
934 2034 1123 2077 absolvit.
1185 2035 1305 2092 Opus
1324 2035 1431 2078 illud
1452 2034 1632 2093 Anglice

183 2126 469 2185 conscriptum
483 2125 649 2169 duobus
656 2125 940 2169 voluminibus
952 2126 1219 2184 complexum
1234 2136 1309 2178 est,
1321 2141 1499 2185 quorum
1514 2126 1632 2183 prius

183 2231 251 2260 res
267 2217 313 2260 in
331 2216 544 2261 academia
561 2226 711 2275 gestas,
727 2217 782 2260 ab
809 2218 898 2275 ipso
925 2227 1020 2261 ortu
1039 2218 1095 2261 ad
1114 2228 1256 2262 nostra
1275 2233 1408 2276 usque
1426 2229 1629 2275 tempora,

169 2317 398 2360 ‚recenset3
427 2307 472 2350 in
501 2307 635 2351 altero
664 2307 935 2366 collegiorum
962 2309 1203 2352 fundatores
1227 2309 1567 2367 Maecenatesque
1587 2318 1631 2351 et

182 2397 408 2443 illustrium
426 2401 612 2444 virorum
631 2401 767 2459 elogia
780 2402 1061 2445 continentur.
1124 2401 1288 2444 Placuit
1301 2410 1441 2444 autem
1457 2401 1630 2443 summis

183 2489 230 2541 in
258 2490 471 2535 academia
498 2492 596 2535 viris
626 2501 673 2534 ut
698 2501 939 2535 exterorum
974 2492 1018 2534 in
1037 2492 1218 2550 gratiam
1239 2491 1364 2534 Latio
1383 2491 1626 2543 donaretur,

184 2581 378 2625 studiosis
409 2582 622 2626 nonnullis
654 2583 709 2626 ad
742 2583 852 2626 hanc
877 2598 1048 2640 operam
1082 2583 1266 2634 delectis,
1298 2583 1371 2642 qui
1407 2596 1547 2626 tamen
1583 2583 1627 2625 in

185 2673 375 2730 cogitatis
404 2673 488 2717 suis
521 2674 731 2718 vertendis
764 2675 934 2744 authori
965 2690 1050 2718 non
1085 2675 1275 2718 fecerunt
1308 2675 1418 2718 satis.
1485 2674 1629 2717 Multo

183 2772 324 2807 autem
341 2763 479 2806 minus
497 2764 580 2808 alia
598 2765 642 2807 in
662 2780 709 2808 re
727 2765 806 2823 ipsi
826 2765 1081 2809 satisfactum
1097 2776 1182 2817 est3
1213 2766 1331 2823 cujus
1347 2766 1518 2810 historia
1532 2767 1631 2810 licet

183 2853 384 2912 prolixior
421 2854 559 2912 paulo,
594 2855 779 2899 veritatis
813 2865 955 2899 tamen
989 2857 1197 2900 historicae
1236 2858 1420 2910 curiosis,
1455 2858 1628 2902 fortasse

184 2959 270 2990 non
290 2945 529 3004 injucunda.
