1936 3262
455 247 543 288 134
837 257 1208 290 PHILOSOPHIA
1234 257 1424 302 PmMA.

199 370 313 444 PAfltg
337 370 385 402 11-
450 365 633 424 eadem,
658 374 708 413 et
730 367 934 429 proinde
956 368 1000 414 A
1025 367 1080 415 B.
1105 368 1150 414 A
1174 367 1212 416 C
1238 386 1279 414 ει
1304 368 1349 415 Α
1367 368 1422 415 Ε.
1439 367 1484 415 Α
1507 367 1544 414 F
1567 373 1682 415 sunt
1698 382 1813 431 pro-

213 436 376 482 »Ὓὲα
449 441 761 504 portionales,
787 442 919 504 quod
942 450 1016 489 est
1037 442 1262 505 primum.

191 516 264 580 se?
276 507 406 580 ξὸῑξοῃξὸ
519 516 742 564 Secundo
793 516 1048 577 (sumendo
1099 517 1444 564 antecedentes
1503 516 1555 564 in
1615 515 1814 565 diversis

191 593 333 667 3232ss
346 603 421 667 523:
450 590 610 653 lineis)
646 591 754 638 dico
792 591 837 638 A
868 591 923 638 B.
960 592 1005 639 A
1032 592 1071 639 Ε
1099 610 1139 639 z:
1165 592 1210 639 A
1242 592 1295 639 C.
1323 593 1368 639 A
1404 593 1441 639 F
1477 607 1582 639 esse
1613 607 1814 654 propor-

172 679 419 718 *nitioetmeta-
451 666 656 714 tionales
677 687 688 721 ;
725 682 836 714 cum
860 666 989 714 enim
1011 667 1057 714 A
1081 667 1136 725 B,
1157 668 1201 715 A
1223 668 1263 715 E
1287 667 1628 715 describuntur
1647 666 1817 714 eodem

191 723 303 763 ΜΨ]
306 732 385 754 ⁸⁸⁸⁸⁸
451 748 686 804 tempore,
710 742 913 790 rationis
942 758 1086 805 quam
1116 743 1299 791 habent
1321 743 1450 790 inter
1472 758 1524 790 se
1548 757 1694 790 causa
1716 741 1818 789 sola

453 824 527 864 est
562 816 837 864 differentia
858 818 1174 866 velocitatum
1208 818 1382 881 quibus
1406 825 1523 866 sunt
1546 816 1817 880 descriptae.

450 891 587 939 Idem
610 891 871 939 dicendum
905 900 979 940 est
1011 893 1071 941 de
1094 893 1284 940 ratione
1307 893 1352 940 A
1376 892 1414 940 C
1448 892 1511 940 ad
1533 892 1579 939 A
1602 892 1653 939 F.
1723 890 1820 939 Sed

451 982 562 1014 cum
575 974 781 1029 utraque
795 966 924 1015 linea
938 968 983 1015 A
992 968 1051 1026 D,
1061 968 1105 1015 A
1114 968 1155 1016 G
1168 967 1477 1015 uniformiter
1490 973 1817 1030 percurratur,

451 1041 621 1089 eadem
653 1042 748 1088 erit
770 1042 1086 1090 velocitatum
1121 1043 1397 1090 differentia
1430 1042 1604 1105 quibus
1639 1041 1818 1090 descri-

448 1116 633 1163 buntur
655 1116 700 1163 A
724 1116 780 1174 B,
804 1117 849 1164 A
872 1117 927 1175 Ε,
953 1133 1060 1180 quae
1095 1125 1170 1166 est
1205 1117 1479 1165 differentia
1506 1117 1820 1165 velocitatum
1893 1111 1896 1115 ’

452 1190 627 1253 quibus
663 1190 1005 1239 describuntur
1027 1192 1073 1239 A
1097 1192 1151 1251 C,
1175 1192 1220 1239 A
1243 1192 1294 1239 F.
1368 1192 1551 1240 Eadem
1591 1207 1708 1255 ergo
1745 1199 1820 1239 est

452 1282 598 1313 causa
640 1266 970 1314 determinans
1011 1268 1253 1315 rationem
1288 1267 1334 1315 A
1366 1268 1405 1315 B
1442 1267 1512 1322 ad,
1540 1268 1586 1315 A
1618 1268 1675 1323 E,
1711 1283 1819 1330 quae

452 1341 746 1389 determinat
768 1342 1009 1389 rationem
1033 1342 1077 1390 A
1092 1342 1131 1391 O
1148 1343 1211 1390 ad
1225 1343 1270 1390 A
1289 1343 1341 1390 F.
1411 1343 1536 1391 Sunt
1559 1358 1676 1406 ergo
1699 1342 1744 1390 A
1762 1342 1817 1390 Β.
1892 1382 1894 1384 ,

450 1417 496 1464 Α
525 1418 566 1464 Ε
592 1435 632 1464 :z
658 1417 703 1464 A
739 1417 792 1464 C.
836 1418 880 1464 A
915 1418 952 1464 F
986 1418 1390 1481 proportionales,
1433 1418 1565 1482 quod
1603 1418 1820 1466 restabat
1910 1451 1915 1459 ‚

449 1492 774 1555 probandum.
1910 1484 1913 1487 ¹

519 1567 697 1615 Coroll.
729 1574 768 1615 1.
828 1567 879 1615 Si
899 1569 998 1616 sint
1023 1576 1233 1632 quatuor
1253 1569 1652 1632 proportionalia,
1677 1575 1820 1616 erunt

453 1658 646 1705 quoque
659 1643 982 1705 permutando
995 1643 1109 1704 (hoc
1124 1652 1198 1691 est
1211 1644 1574 1707 transponendo
1587 1644 1820 1692 terminos

451 1717 658 1779 medios)
695 1718 1094 1781 proportionalia.
1163 1720 1252 1767 Est
1284 1719 1411 1767 enim
1441 1726 1690 1767 ostensum
1719 1735 1820 1767 non

451 1792 596 1840 modo
615 1792 660 1839 A
676 1792 785 1839 B.A
805 1793 843 1840 C
863 1811 874 1839 t
894 1811 904 1839 :
926 1793 1032 1840 AE.
1047 1794 1152 1852 AF,
1173 1794 1258 1841 sed
1273 1794 1420 1842 etiam
1435 1794 1818 1858 (permutando)

452 1867 496 1913 A
520 1867 576 1924 B,
600 1866 645 1913 A
668 1866 708 1913 E
734 1884 744 1913 ε
765 1885 775 1913 :
801 1867 845 1913 A
870 1867 923 1926 C,
947 1867 992 1914 A
1016 1868 1052 1914 F
1075 1884 1179 1915 esse
1201 1869 1599 1931 proportionalia.

519 1941 696 1989 Coroll.
722 1948 768 1989 2.
827 1942 878 1989 Si
901 1942 999 1990 sint
1022 1950 1232 2006 quatuor
1253 1944 1651 2007 proportionalia,
1676 1952 1820 1991 erunt

453 2032 646 2079 quoque
673 2016 956 2064 invertendo
975 2017 1075 2065 sive
1100 2018 1421 2066 convertendo
1441 2018 1512 2080 (id
1531 2026 1620 2077 est,
1641 2018 1681 2066 si
1698 2019 1820 2065 fiant
1894 2079 1901 2085 N

453 2109 512 2139 ex
557 2092 960 2139 antecedentibus
1005 2094 1372 2156 consequentia)
1419 2094 1817 2157 proportionalia.
1898 2106 1905 2140 1.

453 2167 580 2214 Nam
615 2167 656 2214 si
691 2166 742 2213 in
782 2167 1090 2229 praecedente
1122 2167 1537 2217 demonstratione
1565 2185 1655 2232 pro
1685 2169 1731 2216 A
1761 2170 1817 2226 B,

452 2242 497 2288 A
522 2242 560 2289 C
593 2242 919 2304 posuissemus
954 2243 1182 2290 inversim
1205 2243 1250 2290 A
1274 2243 1326 2301 C,
1351 2243 1396 2291 A
1419 2244 1474 2302 B,
1500 2249 1550 2291 et
1582 2259 1671 2306 pro
1695 2244 1740 2291 A
1761 2242 1833 2303 Ε,

451 2316 497 2362 A
519 2316 557 2362 F
589 2315 875 2364 dixissemus
900 2332 1093 2379 quoque
1116 2317 1345 2365 inversim
1363 2318 1407 2365 A
1430 2319 1481 2377 F,
1501 2319 1546 2366 A
1569 2319 1624 2377 E,
1650 2319 1818 2367 eadem

451 2398 616 2438 tamen
652 2391 910 2438 mansisset
948 2391 1312 2440 demonstratio.
1383 2394 1508 2441 Sunt
1548 2394 1677 2441 enim
1717 2402 1818 2442 tam

452 2482 590 2529 aeque
628 2466 817 2514 veloces
849 2466 894 2513 A
927 2466 980 2525 C,
1005 2467 1050 2513 A
1086 2467 1141 2525 Β,
1163 2484 1308 2530 quam
1330 2469 1375 2515 A
1399 2469 1454 2527 B,
1478 2469 1523 2515 A
1547 2469 1600 2526 C,
1634 2477 1684 2517 et
1717 2477 1818 2518 tam

453 2548 874 2603 contemporaneae
897 2540 941 2587 A
966 2541 1019 2599 O,
1043 2541 1087 2588 A
1110 2541 1161 2600 F,
1187 2558 1332 2604 quam
1354 2543 1399 2590 A
1423 2543 1474 2600 F,
1498 2543 1542 2590 A
1566 2543 1619 2591 C.

519 2617 696 2664 Coroll.
729 2623 773 2664 3.
842 2615 893 2664 Si
943 2617 1326 2680 proportionalia
1373 2618 1816 2681 proportionalibus

453 2692 710 2751 addantur,
756 2692 833 2739 vel
890 2692 1182 2750 adimantur,
1223 2701 1366 2740 erunt
1422 2701 1688 2757 aggregata
1738 2693 1816 2742 vel

452 2766 646 2813 residua
664 2766 1060 2829 proportionalia.
1114 2766 1534 2830 Contemporanea
1552 2768 1681 2815 enim
1700 2784 1814 2816 con-

451 2841 778 2902 temporaneis
811 2840 977 2889 addita
1014 2841 1092 2888 vel
1130 2841 1292 2890 ablata
1326 2842 1514 2890 faciunt
1550 2850 1815 2906 aggregata
