1910 3256
200 385 312 460 PAR3.(S)
331 386 389 418 1v.

180 1592 381 1624 Descensum

176 1637 319 1676 gravium
356 1647 418 1667 non

177 1690 245 1709 esse
267 1680 306 1710 ab
334 1680 418 1720 ipso-

177 1732 246 1752 rum
263 1724 418 1763 appetitu,

177 1766 230 1795 sed
259 1776 277 1796 a
299 1766 329 1796 vi
360 1766 418 1797 ali-

176 1818 238 1848 qua
262 1809 395 1842 telluris.

445 261 541 303 414
1013 271 1262 306 PHYsch.

447 379 663 442 ejusdem
681 380 1030 443 magnitudinis
1053 382 1274 430 continet
1295 383 1560 445 pauciores.
1604 383 1820 440 Densum

446 471 562 518 ergo
599 455 729 503 idem
761 464 834 504 est
871 456 1003 519 quod
1037 456 1281 519 frequens,
1319 465 1374 505 ut
1412 458 1561 506 densa
1592 466 1818 512 caterva;

444 546 609 578 rarum
642 531 771 580 idem
796 531 927 594 quod
964 531 1259 594 infrequens,
1296 540 1353 579 ut
1390 549 1500 580 rara
1532 533 1674 591 acies,
1708 549 1822 580 rara

442 612 599 653 tecta:
637 622 735 653 non
774 614 830 653 ut
866 606 930 653 sit
970 606 1021 653 in
1057 607 1165 654 loco
1208 608 1422 669 quolibet
1458 608 1566 671 plus
1604 608 1818 656 materiae

443 697 588 743 quam
624 681 674 728 in
712 682 805 728 alio
843 681 952 728 loco
991 682 1179 744 aequali,
1219 683 1303 730 sed
1331 683 1438 745 plus
1462 683 1584 730 certi
1616 683 1820 746 alicujus

442 756 659 819 corporis
696 756 949 804 nominati.
1026 757 1153 804 Nam
1189 757 1240 804 in
1277 758 1537 805 solitudine
1575 774 1721 821 quam
1766 757 1818 805 in

440 832 575 890 urbe,
613 832 653 879 si
686 831 897 894 spatium
920 831 1049 878 idem
1073 832 1149 890 sit,
1174 848 1274 880 non
1298 840 1370 880 est
1392 833 1552 880 minus
1586 833 1818 890 materiae,

441 905 540 953 sive
579 906 794 968 corporis
830 905 1081 953 indefinite
1118 907 1312 969 sumpti,
1345 908 1432 955 sed
1467 908 1627 956 minus
1660 914 1818 956 tecto-

440 997 563 1038 rum,
589 981 747 1027 minus
770 981 1036 1028 hominum.
1107 981 1279 1044 Neque
1303 983 1354 1029 in
1377 983 1480 1030 acie
1509 983 1673 1042 densa,
1707 983 1817 1046 plus

441 1056 671 1118 corporis,
697 1055 782 1102 sed
803 1056 910 1118 plus
933 1055 1141 1103 militum
1166 1073 1311 1119 quam
1334 1057 1384 1104 in
1408 1074 1533 1106 rara.
1602 1058 1818 1108 Partium

439 1131 604 1193 itaque
634 1131 762 1178 intra
785 1130 915 1178 idem
938 1131 1148 1194 spatium
1171 1140 1513 1181 contentarum
1537 1133 1815 1192 multitudO,

440 1214 489 1253 et
522 1207 755 1269 paucitas,
793 1207 892 1254 sive
916 1207 1011 1254 illae
1033 1215 1196 1270 partes
1219 1224 1372 1256 vacuo
1398 1217 1682 1271 separentur
1716 1208 1816 1256 sive

438 1297 564 1340 aere,
590 1281 879 1329 densitatem
903 1282 1022 1329 facit
1058 1291 1107 1330 et
1137 1283 1402 1341 raritatem,
1429 1300 1635 1347 quarum
1658 1284 1816 1332 consi-

439 1357 626 1404 deratio
650 1357 713 1404 ad
743 1357 1101 1420 philosophiam
1124 1374 1224 1410 non
1260 1360 1425 1422 magni
1457 1367 1531 1407 est
1562 1360 1814 1408 momenti.

436 1432 508 1479 Ea
531 1448 647 1495 ergo
671 1433 817 1479 missa
839 1433 1088 1490 faciemus,
1122 1434 1530 1497 transibimusque
1563 1435 1627 1483 ad
1657 1435 1816 1498 inqui-

438 1507 663 1555 sitionem
688 1523 941 1555 causarum
965 1508 1230 1571 gravitatis.

502 1591 549 1631 2.
587 1584 763 1631 Gravia
786 1591 950 1631 autem
974 1583 1178 1631 dicimus
1210 1599 1417 1646 corpora
1439 1584 1538 1643 illa,
1573 1601 1697 1648 quae,
1721 1585 1816 1633 nisi

437 1659 485 1706 vi
531 1659 694 1722 aliqua
745 1659 1090 1721 impediantur,
1143 1659 1370 1706 feruntur
1414 1675 1581 1708 versus
1627 1660 1815 1709 telluris

437 1741 677 1792 centrum,
715 1734 877 1796 idque,
912 1742 1148 1796 quantum
1184 1750 1328 1781 sensu
1362 1735 1612 1797 percipere
1643 1751 1814 1798 possu-

435 1825 557 1867 mus,
595 1817 770 1871 sponte
798 1825 898 1856 sua.
969 1809 1141 1871 Itaque
1176 1809 1227 1855 in
1261 1824 1319 1855 ea
1353 1809 1580 1871 opinione
1614 1809 1816 1858 fuerunt

433 1883 739 1946 philosophi3
786 1883 868 1930 alii
905 1882 1117 1945 quidem,
1164 1890 1220 1930 ut
1266 1883 1552 1931 descensum
1590 1885 1812 1947 gravium

433 1959 706 2022 appetitum
743 1958 954 2021 aliquem
995 1974 1099 2006 esse
1134 1966 1368 2021 putarent
1406 1958 1670 2018 internum,
1713 1976 1809 2023 quo

431 2033 656 2096 projecta
674 2048 866 2080 sursum
888 2048 1055 2080 rursus
1080 2032 1395 2091 descendant,
1420 2042 1556 2081 mota
1574 2050 1603 2082 a
1626 2034 1809 2098 seipsis,

432 2109 496 2156 ad
517 2109 679 2156 locum
715 2115 905 2155 naturae
938 2123 1038 2156 suae
1071 2108 1472 2164 convenientem3
1509 2109 1591 2156 alii
1630 2117 1808 2169 autem,

432 2199 491 2231 ea
529 2200 559 2230 a
598 2191 732 2231 terra
771 2182 967 2230 attrahi.
1038 2183 1284 2231 Prioribus
1326 2183 1419 2231 illis
1455 2185 1676 2232 assentiri
1709 2201 1810 2233 non

430 2275 646 2321 possum,
672 2258 904 2322 quoniam
925 2258 978 2305 in
1006 2259 1334 2322 superioribus
1356 2259 1525 2307 videor
1551 2260 1671 2308 mihi
1694 2261 1810 2308 satis

432 2334 560 2381 clare
585 2334 957 2390 demonstrasse,
981 2334 1178 2381 initium
1200 2342 1377 2393 motus,
1406 2335 1500 2387 nisi
1522 2335 1583 2383 ab
1607 2343 1808 2384 externo

431 2416 482 2457 et
512 2417 664 2467 moto,
693 2409 882 2456 nullum
917 2424 1022 2456 esse
1055 2425 1228 2472 posse;
1265 2417 1316 2457 et
1349 2410 1555 2473 proinde
1590 2427 1661 2470 ea,
1698 2427 1808 2475 quae

431 2485 581 2532 semel
604 2485 656 2532 in
681 2500 1020 2547 quamcunque
1043 2484 1238 2547 plagam
1262 2492 1449 2532 motum
1472 2493 1562 2533 aut⁴
1579 2494 1807 2535 conatum

429 2560 627 2618 habent,
662 2560 714 2606 in
749 2559 953 2607 eandem
986 2560 1181 2622 plagam
1214 2560 1344 2607 itura
1377 2576 1582 2623 semper,
1610 2562 1711 2610 ‚nisi
1744 2564 1806 2610 ab

429 2643 633 2682 externo
673 2635 837 2697 aliquo
878 2642 1110 2698 reagente
1145 2636 1485 2698 impediantur.
1557 2637 1721 2686 Quare
1755 2646 1806 2687 et

427 2710 596 2773 gravia
636 2726 826 2758 sursum
865 2718 1014 2769 mota,
1050 2711 1145 2758 nisi
1183 2727 1272 2773 per
1307 2719 1495 2759 motum
1532 2719 1803 2772 externum,

428 2785 572 2847 dejici
593 2801 693 2833 non
720 2794 938 2848 possunt.
1007 2786 1264 2842 Praeterea,
1305 2802 1509 2849 corpora
1538 2787 1805 2841 inanimata

427 2859 645 2922 appetitu
665 2875 750 2907 suo
767 2859 932 2918 insito,
953 2876 1063 2907 cum
1083 2861 1353 2922 appetitum
1371 2861 1558 2909 nullum
1573 2862 1800 2921 habeant,
