1910 3256
441 260 535 302 412
1003 270 1254 304 PHYsicA.

190 385 306 418 PARS
325 386 381 417 IV·
443 396 554 427 cum
588 380 782 443 linguae,
815 381 979 443 palati,
1018 390 1067 428 et
1099 382 1289 429 narium
1319 397 1418 429 una
1451 382 1714 446 eademque
1748 385 1812 433 sit

207 431 393 499 »ἓξ-κ
443 455 654 502 cuticula
675 456 921 514 continua,
945 473 975 503 a
997 457 1223 519 meninge
1248 457 1369 504 dura
1393 457 1622 506 derivata.

506 531 580 577 Ex
611 546 667 578 eo
692 546 806 578 vero
838 531 970 593 quod
1001 540 1172 594 gustus
1195 548 1295 579 non
1318 533 1421 590 fiat,
1453 533 1546 580 nisi
1580 533 1664 581 ubi
1698 549 1812 582 con-

440 606 578 668 tigua
614 613 726 653 sunt
761 622 998 668 organum
1032 614 1080 653 et
1110 607 1370 670 obJ'eetum,
1406 608 1715 656 manifestum
1738 617 1811 657 est

439 682 489 729 in
513 698 655 729 sensu
678 682 904 744 gustandi
928 682 1116 729 effluvia
1141 683 1272 745 quod
1295 691 1443 746 agant
1465 684 1586 731 nihil
1608 700 1725 732 esse.

508 757 618 805 Qua
635 763 853 803 motuum
874 756 1151 804 diversitate
1168 757 1357 805 diversa
1374 775 1599 821 saporum
1613 775 1808 822 genera,

440 849 548 896 quae
605 840 717 879 sunt
772 832 1158 890 innumerabilia,
1217 833 1578 896 distinguantur
1629 833 1808 882 nescio.

439 910 633 956 Possem
668 924 778 954 cum
813 907 932 966 aliis,
968 924 997 954 a
1020 907 1298 955 diversitate
1321 909 1587 971 figurarum
1622 917 1809 957 atomo-

437 1000 561 1041 rum,
583 999 642 1030 ex
657 983 830 1045 quibus
847 983 1227 1045 unumquodque
1242 984 1461 1046 sapidum
1481 984 1808 1043 constituitur,

437 1059 514 1107 vel
533 1075 562 1105 a
576 1059 775 1105 diversis
797 1058 1026 1116 motibus,
1045 1074 1165 1120 quos
1183 1058 1275 1106 illis
1299 1060 1487 1118 atomis,
1505 1075 1593 1122 per
1609 1060 1809 1108 modum

437 1133 794 1197 suppositionis,
833 1134 1095 1180 attribuere
1131 1150 1336 1196 possem,
1375 1151 1472 1182 non
1507 1135 1609 1182 sine
1642 1135 1810 1183 verisi-

435 1209 710 1256 militudine
737 1209 899 1271 aliqua
918 1209 1208 1271 conjectari:
1246 1209 1482 1268 dulcibus,
1505 1218 1693 1258 motum
1717 1211 1810 1258 cir-

437 1285 650 1331 cularem
685 1284 872 1331 lentum
909 1291 957 1330 et
979 1285 1159 1346 figuras
1191 1285 1450 1347 sphaericas
1483 1301 1599 1344 esse,
1636 1285 1809 1348 quibus

435 1359 693 1406 mulcetur·
721 1374 987 1422 organum:
1046 1359 1238 1416 amaris,
1292 1367 1478 1407 motum
1525 1360 1808 1408 circularem

434 1435 770 1482 vehementem
806 1441 856 1481 et
878 1435 1057 1497 figuras
1091 1435 1362 1498 angulosas,
1388 1435 1560 1498 quibus
1583 1435 1810 1483 atteritur

434 1526 699 1572 organum:
753 1509 919 1567 acidis,
965 1516 1152 1557 motum
1188 1517 1375 1557 rectum
1418 1517 1467 1557 et
1505 1510 1808 1573 reciprocum

432 1586 708 1648 figurasque
755 1585 1004 1648 oblongas,
1063 1585 1319 1632 latitudine
1371 1585 1586 1644 minima,
1634 1585 1808 1649 quibus

431 1660 713 1707 vulneratur
733 1676 997 1722 organum:
1025 1667 1072 1707 et
1092 1660 1314 1708 similiter
1331 1661 1518 1709 caeteris
1537 1662 1803 1725 saporibus,

432 1735 614 1797 aliquid
638 1735 715 1781 vel
750 1735 800 1781 in
824 1743 962 1781 motu
984 1736 1060 1782 vel
1096 1736 1146 1782 in
1169 1736 1337 1798 figuris
1369 1743 1641 1784 atomorum
1664 1753 1805 1785 exco-

431 1809 603 1871 gitare,
624 1808 755 1871 quod
777 1809 930 1855 videri
953 1817 1115 1871 posset
1136 1810 1410 1867 verisimile,
1436 1811 1476 1857 si
1498 1811 1802 1874 transfugere

432 1884 704 1931 statuissem
728 1900 757 1930 a
778 1884 1082 1947 philosophia
1104 1884 1167 1931 ad
1190 1885 1549 1932 divinationem.

175 1955 292 1988 Tactus
328 1967 416 1998 0rga·
505 1965 578 2006 18.
613 1960 771 2006 Tactu
807 1959 1083 2006 sentiuntur
1120 1959 1272 2006 calida
1311 1959 1505 2021 quidem
1542 1967 1591 2007 et
1623 1959 1802 2023 frigida
1874 1979 1876 1981 ·

175 2011 252 2032 num
266 2001 414 2041 primum,

174 2049 207 2075 et
231 2044 387 2084 quomodo
433 2034 579 2081 etiam
602 2041 820 2088 remota;
858 2041 1050 2091 caetera,
1076 2042 1131 2081 ut
1155 2034 1344 2092 durum,
1376 2034 1535 2092 molle,
1560 2050 1797 2097 asperum,

173 2094 413 2170 ἶῖῗεῖᾏῗῗῗέἔιῗῇ
431 2110 565 2166 laeve,
612 2125 711 2157 non
757 2108 851 2156 nisi
897 2109 1140 2172 contigua.
1223 2109 1473 2172 Organum
1523 2116 1682 2156 tactus
1727 2117 1801 2156 est

174 2172 411 2248 gffiiffi‘gffi
430 2184 712 2231 membrana
735 2183 962 2246 quaelibet
979 2183 1195 2246 meningi
1217 2191 1398 2231 tenerae
1422 2183 1667 2242 continua,
1692 2191 1799 2247 quae

173 2260 295 2291 munia·
429 2276 516 2322 per
557 2266 716 2307 totum
762 2274 935 2320 corpus
972 2258 1042 2305 ita
1078 2258 1253 2306 diffusa
1292 2266 1379 2317 est,
1425 2266 1481 2305 ut
1517 2258 1650 2306 nulla
1688 2275 1800 2322 pars

430 2335 646 2398 corporis
677 2334 833 2397 premi
868 2334 1035 2396 possit,
1074 2334 1190 2397 quin
1219 2342 1466 2397 prematur
1500 2334 1647 2382 etiam
1680 2334 1798 2398 ipsa.

432 2410 717 2457 Sentiuntur
762 2409 925 2472 itaque
964 2425 1070 2471 quae
1117 2417 1359 2472 premunt,
1407 2417 1464 2456 ut
1510 2409 1684 2456 durum
1712 2411 1800 2458 'vel

428 2485 589 2543 molle,
635 2485 687 2532 id
732 2493 820 2542 est,
861 2484 1015 2546 magis
1050 2484 1126 2531 vel
1165 2484 1324 2531 minus
1362 2484 1552 2531 durum.
1611 2484 1798 2532 *Sensio

428 2568 592 2608 autem
615 2559 772 2622 asperi
806 2559 927 2606 nihil
950 2558 1082 2605 aliud
1115 2566 1201 2616 est,
1227 2574 1372 2621 quam
1402 2559 1666 2606 innumerae
1689 2574 1797 2607 sen-

428 2636 586 2683 siones
633 2635 741 2682 duri
787 2642 836 2681 et
881 2634 990 2680 duri
1035 2633 1126 2680 sibi
1170 2633 1379 2681 invicem
1415 2640 1464 2680 et
1506 2633 1797 2682 brevissimis

427 2711 658 2774 temporis
691 2717 740 2757 et
761 2709 857 2756 loci
891 2708 1156 2756 intervallis
1189 2708 1566 2755 succedentium.
1625 2709 1796 2771 Itaque

427 2802 651 2849 asperum
674 2793 724 2832 et
745 2785 880 2842 laeve,
905 2784 1028 2831 sicut
1053 2790 1101 2830 et
1122 2783 1407 2845 magnitudo
1431 2789 1480 2829 et
1501 2783 1671 2845 figura,
1695 2799 1794 2831 non

428 2861 529 2908 solo
577 2869 711 2908 tactu
759 2859 843 2906 sed
870 2858 1121 2906 ‘memoria
1167 2865 1541 2920 cognoscuntur.
1617 2858 1794 2906 Tactus
