1936 3262
467 254 529 296 88
858 265 1230 299 PHILOSOPHIA
1256 265 1446 299 PRIMA.

227 380 342 456 PAlssS
364 380 415 413 11·
539 381 614 423 12.
650 375 883 423 Potentia
907 383 1072 423 autem
1091 376 1309 438 finitum,
1333 376 1386 423 id
1413 384 1503 434 est,
1534 373 1844 423 terminabile

207 508 354 539 Potentia
468 449 649 498 dieitur
672 451 898 514 Spatium,
922 452 1000 499 vel
1019 459 1227 514 tempus,
1253 451 1447 514 quando
1472 465 1702 499 numerus
1737 464 1846 512 spa-
1895 442 1901 448 “

209 551 373 582 infimum
468 526 650 573 tiorum
672 526 750 573 vel
774 534 1051 589 temporum
1073 526 1341 585 finitorum,
1374 534 1496 590 puta
1517 541 1749 589 passuum
1769 523 1848 571 vel

210 593 451 674 ξηυὲᾒίζέζῖωω
468 601 716 660 horarum,
762 602 1002 664 assignari
1045 609 1225 664 potest,
1273 618 1369 665 quo
1419 602 1576 664 major
1617 613 1848 648 numerus

211 686 267 711 aut
283 686 395 717 totum,
471 676 738 724 eorundem
761 676 813 723 in
837 692 894 723 eo
921 676 1078 739 spatio
1095 677 1172 723 vel
1191 685 1412 739 tempore
1431 692 1535 724 esse
1553 691 1655 723 non
1667 680 1847 738 potest.

211 728 269 754 aut
282 733 384 754 unum

211 767 272 798 dici
287 776 395 816 possa
471 751 706 799 Potentia
729 759 893 798 autem
913 752 1154 814 infinitum
1178 761 1268 811 est,
1291 753 1343 799 111
1367 768 1463 815 (1110
1496 752 1654 814 major
1679 765 1850 798 nume·

211 820 271 884 ζξξ
282 814 425 893 Ῐξζῑρἷ
472 842 555 874 rus
594 826 838 873 dictorum
876 842 1109 889 passuum
1139 827 1216 874 vel
1258 827 1490 875 horarum
1523 826 1630 874 dari
1668 831 1850 888 potest,

213 896 340 927 infinita
350 896 454 936 plura.
475 918 621 964 quam
646 902 850 964 quilibet
880 918 1111 949 numerus
1137 902 1220 964 qui
1240 902 1304 949 sit
1337 902 1495 950 datus.
1565 899 1852 949 Notandum
1892 938 1904 967 ·.

475 985 640 1025 autem
665 984 755 1035 est,
782 977 874 1023 etsi
896 977 949 1023 in
980 993 1037 1024 eo
1058 977 1216 1040 spatio
1240 977 1317 1024 vel
1340 985 1576 1040 tempore,
1611 975 1744 1039 quod
1764 990 1853 1038 po-
1895 979 1897 983 ⁴

475 1052 632 1099 tentia
645 1052 892 1098 infinitum
911 1060 1001 1108 est,
1021 1053 1268 1100 numerari
1281 1061 1488 1115 possunt
1506 1053 1668 1116 plures
1682 1066 1854 1115 passus
1897 1051 1921 1107 4

474 1128 553 1175 vel
575 1127 710 1174 horae
739 1143 1031 1190 quocunque
1066 1143 1270 1175 numero
1306 1128 1391 1191 qui
1413 1127 1651 1191 assignari
1672 1133 1854 1190 potest,
1886 1130 1927 1170 ζ

475 1218 734 1249 numerum
758 1209 924 1249 tamen
947 1202 1084 1249 illum
1108 1219 1298 1266 semper
1320 1203 1516 1250 finitum
1550 1202 1672 1261 fore,
1697 1201 1854 1249 omnis

476 1277 606 1324 enim
630 1292 860 1324 numerus
883 1277 1051 1324 finitus
1073 1285 1162 1325 est.
1232 1277 1347 1325 Non
1372 1294 1489 1341 ergo
1508 1285 1644 1325 recte
1660 1275 1856 1324 ratioci-

475 1361 620 1400 natus
657 1360 732 1399 est
768 1352 826 1410 is,
868 1352 966 1414 qui,
1008 1352 1246 1400 mundum
1282 1353 1478 1399 finitum
1515 1367 1621 1400 esse
1646 1351 1856 1414 probare

475 1428 660 1485 volenS,
684 1428 780 1475 hoc
806 1427 952 1474 modo
989 1428 1311 1475 ratiocinatus
1336 1435 1439 1482 est;
1475 1427 1521 1474 εἰ
1553 1426 1756 1474 mundus
1788 1425 1857 1473 sit
1919 1467 1924 1470 .

478 1502 714 1565 infinitus,
736 1509 834 1549 tum
848 1509 1024 1566 potest
1050 1502 1101 1549 in
1125 1518 1180 1549 eo
1210 1502 1334 1548 sumi
1369 1502 1543 1566 aliqua
1567 1516 1718 1566 pars,
1746 1516 1871 1564 queen
1917 1531 1936 1541 2

479 1595 511 1625 a
565 1577 705 1624 nobis
754 1578 914 1624 distat
972 1577 1161 1639 infinito
1217 1593 1413 1624 numero
1457 1592 1714 1641 passuum,
1768 1574 1863 1622 sed
1921 1581 1928 1622 1

479 1652 756 1714 hujusmodi
786 1668 919 1715 pars
959 1652 1099 1699 nulla
1134 1653 1258 1699 sumi
1280 1659 1474 1716 potest,
1497 1669 1621 1716 ergo
1656 1651 1859 1699 mundus

479 1743 572 1773 non
608 1733 684 1773 est
719 1726 938 1788 infinitus
954 1745 972 1780 ;
1014 1743 1130 1773 nam
1167 1727 1517 1790 consequentia
1550 1727 1634 1775 illa
1661 1726 1877 1790 majoris

479 1801 829 1864 propositionis
863 1801 985 1848 falsa
1022 1809 1130 1856 est3
1171 1801 1404 1864 quicquid
1441 1802 1571 1849 enim
1607 1803 1659 1849 in
1700 1801 1881 1864 spatio:

479 1877 597 1924 licet
638 1876 831 1923 infinito
880 1876 1130 1934 sumimus,
1181 1876 1280 1923 sive
1327 1876 1488 1923 animo
1532 1876 1859 1939 designamus,

481 1952 533 1999 id
555 1952 696 1999 finito
721 1951 879 2014 spatio
900 1968 929 1998 a
946 1951 1088 1998 nobis
1115 1950 1334 2008 distabit,
1358 1967 1473 1998 nam
1502 1967 1559 1998 eo
1588 1950 1695 2014 ipso
1729 1950 1860 2013 quod
1904 1965 1911 1975 ··

483 2027 794 2089 designamus
831 2026 995 2073 locum
1033 2026 1151 2088 ejus,
1192 2025 1397 2073 facimus
1428 2025 1497 2072 ibi
1534 2026 1678 2089 spatii
1712 2026 1862 2074 finem

485 2103 623 2165 cujus
658 2101 953 2164 principium
989 2101 1082 2164 ipsi
1119 2117 1300 2158 sumus,
1343 2109 1393 2148 et
1429 2101 1661 2164 quicquid
1694 2101 1756 2148 ab
1790 2101 1862 2148 in·

485 2178 626 2224 finito
653 2177 886 2240 utrinque
921 2176 1084 2224 animo
1113 2175 1442 2224 abscindimus
1477 2176 1688 2232 finimus,
1711 2175 1764 2223 id
1787 2184 1861 2224 est
1902 2165 1916 2171 „

486 2253 681 2300 finitum
703 2251 925 2299 facimus.

553 2329 627 2375 De
665 2327 822 2390 spatio
864 2335 914 2373 et
958 2334 1178 2389 tempore
1214 2325 1578 2380 interminabili,
1622 2325 1719 2373 dici
1762 2341 1862 2373 non

486 2410 652 2466 potest
676 2402 808 2465 quod
832 2402 896 2449 sit
929 2408 1080 2448 totum
1107 2408 1194 2448 aut
1224 2418 1366 2448 unum
1381 2419 1399 2455 ;
1435 2417 1534 2448 non
1559 2407 1726 2458 totum,
1749 2400 1864 2463 quia

489 2495 548 2525 ex
585 2477 730 2525 nullis
762 2477 984 2540 partibus
1027 2476 1255 2539 componi
1296 2483 1489 2539 potest;
1526 2484 1691 2539 partes
1733 2475 1863 2523 enim
1916 2473 1921 2524 J

489 2561 820 2615 quotcunque,
846 2567 957 2598 cum.
985 2551 1188 2613 singulae
1219 2551 1317 2598 sint
1348 2551 1516 2608 finitae,
1549 2551 1697 2598 etiam
1721 2549 1863 2598 simul
1911 2586 1916 2589 -

491 2635 698 2690 sumptae
720 2626 903 2674 facient
935 2633 1096 2673 totum
1128 2625 1336 2672 finitum.
1405 2626 1519 2673 Non
1551 2643 1708 2682 unum,
1750 2625 1864 2688 quia

491 2719 633 2748 unum
657 2718 758 2749 non
796 2701 975 2748 dicitur
1011 2700 1105 2747 nisi
1138 2707 1195 2746 ut
1230 2708 1565 2762 comparatum
1605 2700 1668 2747 ad
1699 2700 1861 2754 aliud;

493 2776 589 2823 duo
613 2785 776 2823 autem
800 2775 992 2823 infinita
1015 2775 1186 2837 spatia,
1211 2775 1288 2821 vel
1313 2775 1409 2822 duo
1433 2782 1655 2837 tempora
1673 2774 1864 2821 infinita

494 2866 612 2909 esse,
638 2851 845 2913 intelligi
860 2867 959 2898 non
982 2857 1160 2912 potest.
1231 2849 1452 2911 Denique
1485 2865 1594 2897 cum
1631 2849 1864 2911 quaeritur
1918 2850 1922 2854 ’

1891 1170 1915 1182 ‚1
1884 1092 1919 1157 ’‘⁴³'-
