1936 3262
564 252 636 286 DE
662 252 890 287 NATURA
914 251 1118 287 MOTUS.
1453 244 1544 286 183

143 365 162 429 'j-
253 364 340 412 u'm‘
362 362 521 411 motui
561 364 667 426 ejus
702 362 926 411 adhiberi
967 361 1332 416 resistentiam3
1372 361 1539 426 itaque

135 455 197 497 χε
221 460 241 481 ιι
288 454 396 503 cap.
421 438 511 487 IX.
535 446 629 487 art.
657 440 708 501 7)
746 455 835 502 per
859 438 1067 487 eandem
1103 438 1235 486 viam
1272 437 1543 501 eademque

281 514 402 563 'tate
454 530 648 578 semper
680 514 1060 578 progredietur;
1109 520 1160 561 et
1205 512 1448 575 siquidem
1491 513 1543 561 in

201 611 222 637 ,ι
241 605 294 638 «o
315 589 419 648 fiat,
443 596 610 638 tamen
639 605 752 637 cum
785 597 994 637 conatus
1031 589 1096 637 sit
1126 596 1308 647 motus,
1334 587 1387 635 id
1410 589 1543 651 quod

202 664 303 715 via
324 666 430 729 ejus
464 664 688 728 proxime
717 665 884 713 obstat
914 664 1265 722 removebitur,
1304 671 1356 711 et
1392 680 1541 711 cona-

94 733 281 795 ’Ἶίωτ
301 739 525 800 ulterius,
559 747 611 788 et
636 740 783 804 hujus
817 748 1024 789 conatus
1060 739 1336 788 removebit
1368 755 1540 787 rursus

237 815 372 881 quod
402 815 496 864 sibi
531 815 755 880 proxime
788 817 970 873 obstat,
1003 823 1054 864 et
1083 816 1153 864 sic
1188 815 1240 863 in
1272 815 1538 863 infimtum.

115 882 409 953 '³Tsseneratio
441 907 560 955 ergo
599 899 807 941 conatus
842 909 873 940 a
907 900 1049 956 parte
1086 892 1138 940 in
1177 899 1371 955 partem
1404 891 1539 955 pleni

73 987 78 997 ⁴
110 960 370 1037 ‚Jp'ocedit
392 967 445 1015 in
467 967 732 1015 infinitum.
803 968 1048 1032 Pertingit
1074 968 1224 1016 etiam
1255 967 1320 1015 ad
1352 967 1539 1015 distan-

289 1050 723 1108 quantamcunque
747 1043 799 1091 in
823 1044 1041 1092 instante
1062 1065 1073 1099 ;
1113 1060 1228 1092 nam
1264 1043 1438 1092 eodem
1462 1043 1537 1091 in-

115 1111 323 1177 incante,
345 1135 443 1183 quo
461 1119 621 1183 prima
634 1135 749 1182 pars
769 1119 918 1168 medii
941 1119 1076 1183 pleni
1098 1127 1322 1167 removet
1345 1126 1538 1183 partem

37 1193 44 1195 ’
69 1235 72 1238 .
103 1193 238 1263 psi-bi
275 1195 568 1258 proximam,
605 1211 719 1258 pars
759 1195 976 1243 secunda
1011 1203 1206 1259 partem
1242 1211 1411 1243 rursus
1445 1194 1538 1242 sibi

99 1266 417 1336 ‘gproximam
431 1271 714 1319 obstantem
733 1279 969 1320 removet.
1040 1267 1270 1319 Procedit
1294 1287 1412 1335 ergo
1433 1287 1538 1319 om-

99 1336 462 1404 'ssniseonatuffi
479 1346 582 1395 sive
597 1346 649 1394 in
665 1362 821 1395 vacuo
842 1346 944 1394 sive
964 1346 1016 1394 in
1035 1346 1200 1410 pleno,
1220 1363 1322 1395 non
1341 1354 1537 1395 tantum

109 1418 208 1474 'nd
229 1421 518 1471 distantiam
553 1422 881 1486 quantamvis,
919 1422 1007 1470 sed
1044 1423 1194 1471 etiam
1228 1422 1281 1470 in
1313 1430 1537 1486 tempore

142 1498 596 1564 quantulocunque,
617 1498 668 1546 id
693 1505 785 1557 est,
811 1498 862 1546 in
885 1498 1110 1546 instanti.
1183 1499 1362 1562 Neque
1386 1499 1539 1547 refert

142 1574 277 1641 quod
322 1582 530 1627 conatus
575 1574 891 1638 procedendo
943 1574 1153 1622 debilior
1202 1576 1307 1634 fiat,
1364 1575 1436 1622 ita
1481 1583 1538 1622 ut

91 1656 110 1705 ’Ϊ
138 1646 344 1707 tandem
378 1666 579 1699 sensum
613 1666 811 1698 omnem
838 1649 1028 1714 fugiat3
1063 1658 1229 1699 motus
1263 1651 1396 1699 enim
1429 1650 1537 1698 fieri

105 1762 115 1790 ·.
137 1733 307 1799 potest
330 1726 402 1775 ita
431 1726 638 1790 exiguus
669 1734 727 1773 ut
762 1741 960 1773 sensum
996 1726 1214 1774 excitare
1238 1743 1340 1774 non
1362 1726 1535 1789 possit.

83 1797 248 1865 13:21oe
283 1810 451 1851 autem
483 1818 585 1851 non
621 1802 682 1850 de
724 1817 872 1850 sensu
909 1810 960 1850 et
993 1803 1312 1866 experientia,
1345 1802 1432 1851 sed
1475 1802 1538 1850 de

96 1870 334 1939 ſsffione
356 1893 523 1926 rerum
544 1877 641 1926 hoc
663 1877 774 1926 loco
794 1877 1001 1941 agimus,

4 2005 6 2012 ,
208 1959 255 2004 8.
291 1954 351 2003 In
388 1969 584 2018 corpus,
632 1953 765 2017 quod
813 1954 971 2001 motui
1016 1953 1220 2011 resistit,
1266 1955 1425 2018 major
1462 1961 1538 2002 est

7 2057 8 2060 =
136 2030 386 2086 moventis
407 2029 482 2079 vis
500 2030 626 2094 (pari
644 2029 1010 2093 magnitudine)
1034 2031 1141 2093 ejus
1166 2030 1301 2093 quod
1323 2030 1538 2078 velocius

140 2119 290 2171 qnam
326 2106 432 2170 ejus
466 2105 600 2169 quod
623 2105 813 2153 tardius
845 2113 1103 2154 movetur:
1141 2105 1262 2154 item
1293 2106 1539 2154 moventis

11 2230 32 2248 „
83 2206 111 2246 [q
139 2182 341 2247 ¹majoris
357 2181 484 2246 (pari
497 2181 784 2243 velocitate)
805 2197 952 2244 quam
966 2181 1188 2229 minoris.
1259 2181 1390 2229 Nam
1405 2182 1539 2245 quod

3 2255 5 2257 ’
139 2252 275 2323 (pari
309 2257 671 2322 magnitudine)
702 2258 890 2321 majore
922 2256 1187 2305 velocitate
1221 2257 1453 2322 impingit
1487 2258 1539 2305 in

72 2326 95 2394 'f
135 2333 338 2393 mobile,
376 2334 616 2397 majorem
642 2333 737 2396 ipsi
772 2332 1013 2396 imprimit
1035 2340 1244 2380 motum.
1314 2333 1380 2380 Et
1405 2333 1540 2397 quod

78 2431 99 2474 ς
134 2406 286 2474 (pari
312 2408 599 2472 velocitate)
644 2410 832 2472 majore
873 2408 1003 2456 mole
1044 2408 1276 2473 impingit
1312 2409 1365 2457 in
1406 2409 1538 2457 idem

64 2478 90 2555 ,ζ’
113 2532 117 2533 ⁷
137 2492 397 2550 punctum,
429 2484 509 2533 vel
536 2484 744 2533 eandem
777 2493 972 2548 partem
1006 2484 1219 2544 mobilis,
1255 2485 1417 2533 minus
1453 2485 1538 2533 de-

68 2559 90 2627 f
139 2560 305 2626 'perdit
321 2560 599 2609 velocitatis
617 2581 629 2616 ;
666 2568 932 2624 propterea
951 2561 1085 2624 quod
1104 2577 1283 2624 corpus
1301 2561 1536 2610 resistens

65 2633 98 2703 Ξῖψ
133 2635 312 2701 agitin
330 2651 440 2685 eam
454 2644 649 2701 partem
662 2636 909 2684 moventis
930 2637 1085 2685 solam
1101 2653 1249 2700 quam
1264 2637 1534 2701 contingit:

22 2718 25 2726 ”
132 2712 247 2776 ejus
278 2728 408 2776 ‘ergo
453 2711 610 2776 partis
658 2711 808 2760 solius
851 2712 1092 2776 impetum
1136 2713 1375 2773 retundit,
1422 2730 1535 2762 cum

141 2786 332 2841 interea
356 2796 524 2852 partes
556 2803 659 2836 non
694 2795 843 2836 tactae
875 2788 1150 2852 procedant
1178 2796 1228 2836 et
1259 2789 1389 2846 vires
1422 2806 1535 2838 suas

72 2867 91 2930 Jj
116 2860 373 2928 «integras.
395 2871 706 2922 conservent,
743 2865 908 2928 quoad
944 2873 995 2913 et
1024 2865 1120 2914 illae
1155 2865 1218 2914 ad
1248 2875 1536 2915 contactum

1573 370 1690 446 ΡΑΙῗξ
1714 370 1782 404 111.

1570 463 1759 481 bqr—‚1

1558 1966 1695 1997 Movens
1721 1976 1785 2006 quo

1557 2010 1711 2051 majorem
1726 2009 1822 2040 habet

1559 2054 1607 2084 vel
1621 2053 1823 2084 velocitatem

1558 2097 1607 2128 vel
1626 2097 1822 2138 magnitudi-

1557 2151 1684 2178 nem‚eo
1691 2141 1824 2182 majoris

1557 2185 1707 2216 efficaciae
1726 2190 1775 2216 est
1788 2185 1823 2216 in

1558 2238 1673 2270 corpus
1687 2229 1720 2259 in
1738 2230 1824 2270 quod

1556 2272 1719 2314 impingit.
