1910 3256
247 370 369 444 PAR}
388 371 445 403 1v.

329 419 336 428 ⁶
360 426 379 445 ).

217 1041 322 1072 Causa
344 1051 404 1072 aes—

218 1090 309 1115 tuum
326 1085 447 1116 oceani.

500 247 594 290 356
1027 260 1279 293 PHYsmA.

499 375 809 430 sequeretur;
845 386 959 418 nam
985 371 1089 418 sine
1113 371 1304 418 actione
1336 371 1449 419 solis
1483 372 1718 421 diameter
1741 384 1872 437 quaess
1896 423 1901 426 ⁷

498 442 618 490 libet
639 443 767 492 lunae
793 445 1004 493 ferretur
1037 462 1226 509 semper
1261 447 1352 494 sibi
1375 447 1622 509 parallela.
1691 447 1872 497 Reddi-

500 517 657 566 dimus
682 535 797 582 ergo
822 536 1017 567 causam
1039 521 1319 583 possibilem
1347 537 1496 583 quare
1519 522 1682 570 telluri
1704 523 1873 572 eadem

500 609 691 656 semper
714 596 987 643 obvertitur
1009 596 1136 643 lunae
1158 596 1323 644 facies.

566 669 851 718 Notandum
874 679 1039 718 autem
1063 678 1137 718 est
1161 671 1293 734 quod
1314 687 1415 719 non
1443 671 1647 718 eandem
1669 671 1870 735 praecise

498 743 674 791 faciem
720 761 909 808 semper
952 745 1188 803 videmus,
1235 753 1354 794 tunc
1403 745 1598 808 quando
1639 746 1755 794 luna
1799 753 1873 802 est

500 826 640 866 extra
670 820 941 882 eclipticam
962 841 973 874 ;
1008 828 1270 883 propterea
1293 821 1425 883 quod
1447 821 1516 868 nil
1538 821 1758 869 videmus
1779 820 1873 878 nisi

498 893 824 941 illuminatum
843 915 854 949 ;
891 895 977 942 sed
998 910 1111 957 pars
1131 895 1404 943 illuminata
1422 903 1472 942 et
1494 911 1607 958 pars
1630 895 1772 943 nobis
1787 890 1874 950 obfi-

499 984 641 1015 versa
664 977 803 1016 extra
826 969 1101 1032 eclipticam
1124 986 1375 1033 nunquam
1399 978 1474 1018 est
1497 979 1667 1018 exacte
1687 970 1871 1031 eademj.

574 1048 647 1090 10.
683 1043 763 1091 Ad
786 1052 885 1091 tres
921 1052 1084 1092 motus
1109 1045 1367 1108 simplices,
1403 1061 1554 1092 unum
1588 1046 1718 1104 solis,
1753 1041 1874 1113 alteff

499 1134 609 1165 rum
631 1118 775 1176 lunae,
797 1119 999 1166 tertium
1023 1126 1168 1167 terrae
1186 1119 1237 1166 in
1256 1120 1461 1167 circellis
1485 1120 1693 1183 propriis
1697 1121 1751 1184 f
1751 1120 1872 1185 ghi,
1909 1126 1910 1151 ³

501 1191 523 1238 l
534 1192 579 1250 lc,
607 1200 658 1239 et
681 1209 713 1255 q
728 1209 771 1250 r,
795 1208 895 1240 una
919 1209 1030 1240 cum
1053 1194 1371 1241 conversione
1395 1203 1540 1242 terrae
1564 1194 1753 1253 diurna,
1779 1211 1875 1258 qua

500 1267 818 1314 conversione
855 1269 1129 1316 necessario
1172 1269 1582 1317 circumferuntur
1623 1270 1786 1318 omnia
1819 1286 1876 1322 ea

500 1357 610 1402 quae
655 1343 929 1405 superficiei
976 1345 1078 1406 ejus
1121 1343 1414 1402 innituntur,
1457 1344 1630 1392 referri
1669 1352 1876 1408 possunt

498 1416 822 1478 phaenomena
867 1418 998 1465 circa
1040 1418 1210 1465 oceani
1256 1426 1404 1466 aestus
1456 1419 1566 1468 tria.
1655 1419 1882 1468 Quorum

497 1491 711 1553 primum
748 1500 837 1551 est,
872 1492 1155 1540 elevationis
1193 1500 1242 1540 et
1280 1493 1605 1556 depressionis
1642 1509 1875 1557 aquarum

499 1566 563 1613 ad
606 1567 753 1614 litora
798 1567 1148 1615 alternationes
1196 1567 1303 1615 duae
1355 1569 1407 1615 in
1459 1569 1615 1632 spatio
1667 1560 1876 1632 quatuor

499 1642 676 1704 viginti
709 1643 940 1690 horarum
977 1650 1027 1690 et
1058 1643 1358 1690 minutorum
1393 1643 1495 1690 fere
1524 1634 1881 1710 quinquaginta.

503 1717 740 1772 duorum3
778 1733 944 1780 eaeque
973 1734 1061 1780 per
1093 1734 1235 1765 omne
1271 1734 1429 1766 aevum
1458 1725 1765 1766 constantes:
1802 1734 1877 1766 se-

503 1791 730 1850 cundum,
741 1792 872 1854 quod
886 1792 937 1839 in
951 1792 1212 1839 noviluniis
1228 1801 1277 1840 et
1290 1793 1568 1856 pleniluniis
1583 1793 1875 1861 elevatione}

504 1883 642 1928 aquae
683 1868 809 1914 fiunt
855 1883 999 1930 quam
1038 1868 1329 1915 intermedio
1376 1876 1597 1932 tempore
1635 1870 1873 1932 majores:

504 1942 721 1998 tertium,
746 1942 893 2004 quod,
919 1943 1160 1990 existente
1191 1943 1291 1990 sole
1326 1944 1377 1990 in
1412 1943 1756 2006 aequinoctiali,
1791 1938 1876 2010 auf

504 2026 713 2079 geantur
764 2017 924 2065 adhuc
976 2018 1197 2081 amplius.
1280 2018 1360 2065 Ad
1405 2034 1511 2080 quae
1557 2018 1875 2081 phaenomena

505 2092 735 2139 salvanda
758 2092 992 2139 habemus
1011 2093 1114 2155 jam
1138 2100 1349 2154 quatuor
1371 2100 1533 2140 motus
1558 2102 1671 2141 ante
1694 2087 1875 2140 memo-¹

501 2176 649 2214 ratos.
720 2167 1080 2214 Assumendum
1104 2176 1267 2215 autem
1300 2175 1389 2226 est,
1427 2168 1558 2230 quod
1579 2184 1692 2231 pars
1715 2176 1871 2227 terrae,

500 2258 647 2305 quam
671 2242 843 2289 dicunt
865 2242 1157 2300 Americam,
1184 2242 1323 2304 aquis
1348 2250 1530 2301 exerta,
1556 2251 1606 2290 et
1629 2260 1659 2291 a
1682 2251 1872 2307 septen·

498 2317 659 2364 trione
704 2317 755 2364 in
795 2325 1015 2364 austrum
1054 2333 1142 2380 per
1182 2324 1342 2364 totum
1382 2317 1485 2365 fere
1519 2317 1872 2385 semicirculum

499 2400 714 2450 extensa,
740 2408 977 2455 aquarum
1000 2392 1157 2439 motui
1181 2392 1457 2455 objiciatur.
1862 2380 1870 2391 ‘

566 2467 658 2514 His
685 2467 826 2525 datis,
853 2467 916 2514 sit
936 2467 987 2514 in
1012 2467 1182 2514 eadem
1204 2467 1287 2530 fig.
1313 2473 1360 2524 4,
1393 2467 1479 2514 ubi
1511 2466 1533 2514 l
1546 2467 1574 2514 b
1591 2468 1664 2515 lte
1697 2483 1871 2531 suppo-

497 2542 632 2589 nitur
652 2557 756 2589 esse
779 2542 831 2589 in
853 2542 999 2605 plano
1025 2542 1198 2589 orbitae
1222 2550 1383 2589 motus
1406 2542 1590 2590 lunaris
1620 2541 1867 2601 menstrui,

498 2617 770 2679 descriptus
795 2617 966 2663 eodem
991 2624 1161 2663 centro
1187 2634 1218 2663 a
1243 2617 1464 2664 circellus
1490 2617 1511 2664 l
1524 2617 1630 2665 dhe
1652 2618 1704 2665 in
1726 2618 1867 2681 plano

498 2691 867 2754 aequinoctialis.
938 2693 985 2739 Is
1017 2708 1134 2755 ergo
1172 2692 1393 2739 circellus
1429 2692 1692 2740 declinabit
1722 2709 1752 2740 a
1781 2692 1870 2740 cir-

497 2767 618 2813 cello
658 2766 724 2814 lb
743 2767 774 2813 lc
790 2784 816 2814 e
858 2767 909 2813 in
949 2767 1127 2829 angulo
1174 2768 1413 2830 graduum
1458 2768 1560 2815 fere
1600 2768 1712 2831 283,
1757 2761 1869 2815 nam

497 2842 759 2889 declinatio
784 2842 995 2890 maxima
1018 2842 1255 2904 eclipticae
1284 2850 1357 2890 est
1391 2843 1630 2905 graduum
1654 2843 1766 2906 235,
1790 2840 1866 2889 cui
