1936 3262
226 374 341 407 PARS
365 375 394 411 Ι,

237 439 400 487 »ῆῙ-κ

211 1203 416 1253 Definitionis

210 1251 420 1288 proprietates

445 246 506 297 74
757 261 1106 295 COMPUTATIO
1135 262 1259 296 SIVE
1286 263 1500 298 LOGICA.

453 384 554 417 non
576 369 774 431 faciant,
794 380 851 420 ut
872 373 948 420 hae
966 389 1110 421 voces
1132 373 1261 421 linea
1278 382 1414 421 recta
1433 373 1654 422 continet
1671 389 1824 438 genus

454 451 504 492 et
528 445 866 506 differentiam,
890 465 991 496 non
1015 456 1179 496 tamen
1203 457 1278 496 est
1302 449 1538 508 definitio,
1567 449 1663 496 nisi
1683 457 1824 512 pute·
1872 444 1905 514 3²23?

452 535 561 567 mus
601 520 779 570 lineam
824 532 1010 571 rectam
1050 523 1120 571 ita
1159 524 1366 582 definiri,
1406 524 1535 571 linea
1574 533 1711 572 recta
1750 533 1825 572 est
1875 515 1903 585 Ῐῇᾗ,

451 594 580 643 linea
612 605 777 652 recta;
816 606 1034 646 attamen
1069 600 1110 647 si
1144 607 1272 647 esset
1304 616 1404 647 una
1437 599 1599 662 aliqua
1626 615 1724 647 vox
1761 599 1822 647 ab

452 670 686 718 ambabus
713 672 807 720 illis
845 673 1036 721 diversa
1064 690 1171 736 quae
1195 674 1324 722 idem
1361 674 1658 737 significaret
1694 674 1825 736 quod

451 743 546 792 illae
581 746 752 806 ambae,
803 755 921 795 tunc
955 749 1099 811 hujus
1146 749 1290 797 unius
1323 749 1473 807 voeiS,
1523 755 1687 797 essent
1729 748 1823 797 illae
1888 735 1893 751 K

452 819 560 868 duae
581 837 726 870 voces
760 822 995 871 definitio,
1063 824 1137 872 Ex
1168 825 1227 872 iis
1263 841 1371 887 quae
1407 824 1539 872 dicta
1568 831 1684 872 sunt
1706 823 1823 871 defi·
1846 852 1850 857 ·

451 895 574 944 nitio
598 896 704 960 ipsa
727 898 971 960 quomodo
1007 898 1283 946 definienda
1305 899 1369 946 sit
1403 898 1612 962 intelligi
1643 905 1822 961 potest,

449 986 625 1034 nempe
671 973 806 1035 quod
846 973 914 1020 sit
951 973 1258 1038 propositio,
1311 973 1450 1035 cujus
1491 972 1822 1037 praedicatum
1877 956 1889 975 ἶ

450 1051 528 1092 est
562 1045 771 1109 subjecti
805 1047 1138 1107 resolutivam,
1162 1048 1245 1095 ubi
1260 1047 1389 1109 fieri
1410 1052 1598 1112 potest,
1622 1047 1706 1095 ubi
1725 1064 1822 1097 non
1874 1085 1887 1106 :›
1914 1110 1919 1116 λ

441 1126 632 1184 potest,
654 1121 1095 1185 exemplicativum.

522 1202 596 1243 15.
632 1195 962 1258 Proprietates
986 1196 1284 1245 definitionis
1309 1204 1453 1244 sunt:

517 1285 554 1318 1.
593 1270 740 1318 Quod
792 1271 922 1319 tollit
977 1272 1295 1334 aequivocum,
1353 1271 1573 1334 adeoque
1629 1287 1823 1327 omnem

449 1346 582 1394 illam
611 1346 981 1394 distinctionum
1013 1347 1379 1394 multitudinem
1411 1346 1585 1409 quibus
1614 1353 1823 1396 utuntur
1879 1363 1881 1365 ’

449 1421 485 1468 ii
508 1420 591 1484 qui
612 1420 971 1483 philosophiam
1005 1421 1192 1484 acquiri
1224 1416 1368 1484 posse
1400 1428 1578 1484 putant
1606 1419 1822 1484 disputa-
1881 1473 1882 1476 ,

447 1495 679 1542 tionibus.
749 1495 878 1542 Nam
900 1502 1078 1543 natura
1111 1495 1408 1544 definitionis
1428 1502 1502 1542 est
1525 1502 1582 1542 ut
1605 1494 1820 1554 definiat,
1862 1499 1922 1563 JJ-ssj

448 1569 501 1617 id
523 1577 612 1628 est,
639 1569 931 1617 determinet
953 1570 1164 1618 nominis
1185 1570 1375 1618 definiti
1399 1569 1820 1632 significationem,

450 1661 653 1707 eamque
672 1645 927 1692 abscindat
945 1644 1006 1691 ab
1032 1645 1164 1692 omni
1187 1645 1282 1692 alia
1301 1645 1657 1708 significatione
1676 1661 1822 1708 quam

450 1735 558 1782 quae
581 1719 632 1766 in
669 1719 952 1767 definitione
990 1720 1300 1774 continetur;
1344 1727 1394 1766 et
1429 1727 1691 1782 propterea
1727 1719 1823 1767 dis-
1869 1715 1920 1773 3³13

449 1795 744 1842 tinctionum
777 1802 1020 1858 quotquot
1053 1810 1158 1842 esse
1179 1801 1385 1858 possunt
1414 1794 1545 1842 circa
1567 1793 1822 1843 definitum
1907 1795 1923 1834 εἴ

448 1886 548 1917 una
571 1870 789 1917 definitio
815 1870 1031 1917 omnium
1053 1870 1215 1917 locum
1240 1869 1445 1916 obtinet.
1887 1863 1892 1875 '
1915 1879 1919 1886 ⁴

516 1959 577 1992 11.
615 1944 761 1993 Quod
777 1945 974 1992 exhibet
998 1945 1187 1992 definiti
1205 1944 1458 1992 notionem
1480 1943 1819 2002 universalem,

449 2019 571 2066 adeo
602 2026 659 2066 ut
693 2019 887 2082 pictura
922 2019 1144 2082 quaedam
1182 2019 1246 2066 sit
1284 2018 1587 2077 universalis,
1617 2034 1718 2066 non
1757 2019 1820 2066 ad
1888 2010 1929 2085 ἴ

451 2094 660 2153 oculum,
692 2094 779 2141 sed
802 2094 863 2141 ad
895 2094 1123 2141 animum.
1192 2093 1321 2140 Nam
1360 2101 1417 2140 ut
1455 2093 1538 2156 qui
1573 2093 1820 2141 hominem

449 2169 610 2232 pingit
653 2169 915 2232 imaginem
960 2169 1108 2216 efficit
1150 2168 1362 2215 hominis
1406 2168 1567 2231 hujus,
1625 2168 1695 2216 sic
1736 2168 1819 2231 qui

449 2260 629 2292 nomen
673 2244 811 2291 homo
869 2244 1039 2291 definit
1094 2243 1356 2306 imaginem
1413 2243 1560 2290 efficit
1609 2243 1818 2290 hominis
1919 2235 1936 2294 z]

449 2320 666 2383 alicujus.

516 2411 599 2442 111.
638 2394 799 2453 Quod,
825 2394 885 2441 de
910 2393 1276 2441 definitionibus
1300 2409 1364 2440 an
1384 2393 1483 2440 sint
1502 2392 1818 2440 admittendae
1878 2394 1925 2451 ⁴ss*

448 2486 619 2528 necne,
643 2486 744 2517 non
767 2469 830 2516 sit
853 2485 1050 2516 necesse
1075 2469 1338 2531 disputare.
1409 2468 1654 2516 Quoniam
1688 2467 1818 2515 enim

449 2546 578 2593 inter
611 2545 868 2592 docentem
891 2551 941 2591 et
974 2543 1264 2606 discipulum
1299 2542 1402 2590 sola
1441 2559 1519 2590 res
1555 2542 1733 2606 agitur,
1776 2542 1816 2590 si

450 2620 714 2683 discipulus
737 2618 967 2681 intelligit
987 2618 1175 2666 definiti
1196 2626 1361 2680 partes
1380 2633 1547 2665 omnes
1570 2617 1622 2664 in
1646 2617 1816 2665 defini-
1891 2620 1913 2640 “

448 2696 582 2743 tione
617 2694 870 2752 resolutas,
910 2701 959 2741 et
995 2701 1159 2740 tamen
1195 2692 1527 2740 definitionem
1559 2692 1816 2740 admittere

448 2770 587 2829 nolit,
613 2769 945 2817 controversia
963 2770 1064 2831 jam
1087 2775 1206 2815 tunc
1229 2768 1413 2826 finitur,
1437 2768 1566 2816 idem
1589 2767 1718 2815 enim
1741 2773 1815 2814 est
1880 2767 1920 2811 ”2
