1936 3262
637 281 740 310 VITA
761 280 870 310 THo.
891 279 1080 309 HOBBES.
1512 281 1593 309 XCV

249 396 332 440 Ars
349 394 487 438 fixerat
505 407 703 435 numeros
723 393 920 450 quaesitos
939 389 1196 440 inveniendi,

304 486 446 537 Quam
460 485 604 528 docuit
625 484 842 540 Gheber,†
861 493 904 526 et
924 498 1052 541 quam
1073 482 1367 540 Diophantusss
1390 483 1529 527 habet.

246 578 416 622 Deinde
433 592 510 635 per
528 577 637 619 hanc
656 585 791 619 artem
810 575 942 618 solam
961 574 1223 632 problemata
1242 574 1346 616 solvi
1582 556 1583 559 Ἴ

305 667 432 724 Posse
442 667 686 727 geometriae
706 676 860 710 cuncta
880 666 1041 722 Vieta§
1061 665 1197 708 docet.

249 759 429 803 Addidit
449 759 632 804 Oxoniae
655 758 885 802 Praelector
907 757 1143 801 savilianus

304 849 511 893 Wallisius
529 849 664 892 multo
684 849 827 892 nobile
846 849 1002 907 dogma
1020 848 1176 906 magis:

245 940 412 999 Nempe
430 941 610 984 infinitae
629 941 750 984 molis
770 941 900 983 finem
920 955 1021 991 esse,
1043 949 1087 982 et
1106 939 1263 983 habere

301 1031 490 1075 Finitum
511 1041 649 1090 partes
669 1041 712 1074 et
731 1032 822 1074 sine
840 1031 927 1073 fine
946 1030 1090 1073 datas:

243 1122 356 1173 Quae
374 1122 461 1174 duo
480 1123 671 1166 fecerunt
690 1123 858 1166 insanos
877 1121 1092 1179 dogmata,
1115 1131 1326 1180 quotquot

301 1214 626 1258 Festinaverunt
645 1229 733 1257 esse
752 1214 1009 1272 geometrici.

247 1305 357 1350 Haec
374 1306 481 1349 mihi
499 1321 626 1350 causa
643 1307 742 1349 satis
757 1306 968 1349 scribendi
988 1315 1051 1348 est
1064 1306 1181 1363 justa
1199 1306 1344 1357 libelli,

299 1398 471 1455 (Annos
490 1407 614 1441 natus
633 1412 749 1440 eram
769 1398 1037 1472 septuaginta
1055 1397 1180 1452 duos)

240 1489 294 1533 In
312 1505 412 1549 quo,
431 1489 666 1548 Colloquiis
678 1505 760 1547 ego
784 1489 870 1532 Sex
889 1504 976 1532 non
996 1489 1180 1532 molliter
1199 1490 1299 1532 istos

295 1580 450 1640 Tango
468 1593 718 1639 geometras,
739 1590 789 1624 ut
807 1596 1013 1632 meruere,
1034 1596 1188 1632 novos3

240 1671 327 1716 Sed
345 1671 406 1714 nil
423 1671 595 1730 profeci,
616 1671 781 1730 magnis
800 1671 1048 1715 authoribus
1068 1687 1187 1715 error

295 1762 445 1806 Fultus
463 1772 581 1814 erat3
615 1763 737 1806 cessit
751 1763 810 1806 sic
830 1762 1039 1806 medicina
1058 1763 1182 1807 malo.

237 1854 364 1898 Tunc
383 1868 553 1912 quoque
572 1854 709 1897 scribo
733 1854 839 1898 duos
858 1855 995 1912 patrio
1015 1871 1208 1899 sermone
1228 1856 1389 1899 libellos

272 1957 274 1959 ’
293 1945 456 1990 Contra
476 1945 782 1990 Bramhallum.
846 1947 1038 1997 Quaestio
1058 1949 1146 1992 sola
1164 1949 1257 2000 suit,

237 2038 372 2096 Cujus
389 2041 451 2082 ad
467 2039 698 2082 arbitrium
711 2041 913 2090 volumus,
934 2047 1193 2092 nostrumne,
1215 2044 1380 2086 Deine:

292 2129 372 2173 Ille
391 2129 576 2173 scholam
591 2130 794 2188 sequitur,
817 2131 891 2174 sed
911 2131 1015 2174 mihi
1035 2132 1125 2175 dux
1145 2133 1252 2175 ratio
1273 2142 1350 2175 est.

237 2220 324 2264 Sex
344 2236 513 2280 quoque
532 2230 627 2279 post
645 2221 772 2278 paulo
791 2222 937 2279 scripsi
955 2221 1239 2274 Problemata,
1262 2223 1419 2267 librum

293 2311 526 2370 Exiguum,
546 2321 592 2354 at
611 2326 732 2369 purae
752 2311 1005 2355 fonticulum
1025 2313 1223 2371 physicae.

163 2438 184 2476 †
207 2438 258 2470 De
283 2437 341 2470 illo
371 2438 443 2470 vide
476 2437 610 2480 Josephi
642 2437 799 2470 Blaneani
832 2438 1075 2481 Chronoloqiam
1104 2441 1373 2472 Mathematicam
1398 2445 1431 2472 et
1452 2441 1482 2473 J.
1507 2441 1582 2473 Ger.

47 2502 55 2526 .’
73 2493 78 2497 ’
119 2497 276 2529 Vossium
290 2496 343 2529 De
359 2497 508 2531 Scientiis
525 2498 764 2530 Mathematici-3.

43 2594 45 2599 .
163 2559 182 2598 1
205 2558 258 2590 De
282 2558 338 2591 illo
363 2559 435 2591 vide
462 2559 603 2591 eosdem.
657 2558 763 2600 Opera
787 2562 857 2602 ejus
881 2560 997 2592 Latine
1020 2561 1120 2593 edidit
1146 2560 1237 2592 Guil.
1267 2560 1444 2603 thmder,
1474 2565 1584 2603 postea

50 2618 58 2650 .’
124 2617 242 2650 Claud.
258 2618 358 2662 Gap.
371 2618 533 2651 Bachetus
550 2620 656 2652 Graec.
683 2624 716 2651 et
732 2621 804 2653 Lat.
823 2621 1073 2652 Commentariis
1101 2626 1222 2658 ornata,
1244 2620 1333 2659 folio,
1359 2621 1461 2661 Paris,
1490 2622 1583 2660 1621,

2 2703 7 2719 ¹
50 2678 52 2682 ’
119 2677 238 2711 Postea
252 2678 380 2712 Tolosae
393 2679 582 2721 prodierunt
595 2680 689 2714 1670.
723 2681 880 2714 Omittam
894 2691 968 2722 quae
982 2692 1002 2713 a
1013 2681 1122 2724 Raph.
1141 2681 1333 2719 Bombellio‚
1345 2681 1427 2714 Sim.
1442 2682 1583 2722 Stevino,

48 2752 57 2789 ·,
127 2738 205 2772 Alb.
221 2740 369 2780 Ginrdo,
387 2740 478 2773 Guil.
493 2740 680 2783 Oughtredo
695 2746 865 2784 procurata
879 2747 965 2773 sunt.

53 2826 56 2832 .
165 2800 182 2840 5
208 2800 259 2833 De
274 2801 346 2842 ipso
369 2800 443 2833 vide
467 2801 607 2834 eosdem.
652 2803 759 2844 Opera
783 2804 853 2845 ejus
878 2803 1019 2844 junctim
1045 2802 1152 2834 emisit
1179 2802 1233 2835 Fr.
1261 2802 1453 2834 Schotenius
1477 2803 1582 2836 Math.

48 2863 58 2895 Ῐ
119 2859 204 2894 Prot:
221 2860 350 2903 Leydae,
371 2860 463 2900 1646,
480 2860 566 2900 folio,
582 2863 638 2894 ubi
650 2863 787 2896 habetur
804 2864 875 2904 ejus
890 2863 978 2895 vita.
1024 2863 1106 2894 Vide
1124 2863 1222 2895 etiam
1236 2863 1365 2895 Thuani
1380 2863 1568 2896 Historiam.
