1936 3262
491 758 607 812 AD
665 751 1160 810 LECTOREM.

157 1112 527 1165 PmLosolffllAM,
549 1113 668 1170 cujus
684 1112 892 1155 elementa
910 1111 980 1153 hic
999 1109 1223 1168 aggredior
1239 1108 1448 1158 ordinare,
1471 1105 1557 1149 noli

42 1231 46 1268 3
97 1205 270 1250 credere
288 1220 383 1248 eam
402 1219 504 1256 esse,
532 1204 666 1247 amice
692 1203 837 1254 lector,
858 1218 936 1260 per
956 1217 1084 1259 quam
1104 1201 1216 1243 fiunt
1244 1199 1404 1257 lapides
1428 1198 1560 1256 philo-

33 1343 35 1347 ,
99 1296 272 1355 sophici,
292 1311 432 1354 neque
452 1295 568 1338 illam
588 1310 717 1353 quam
735 1303 949 1337 ostentant
968 1291 1426 1352 codiceslmetaphysici
1442 1308 1453 1342 3
1485 1290 1558 1333 sed

28 1375 41 1412 ,'
97 1389 304 1432 rationem
323 1387 554 1430 humanam
587 1386 824 1429 naturalem
844 1401 920 1443 per
949 1400 1094 1428 omnes
1124 1400 1190 1426 res
1217 1393 1378 1426 creatas
1408 1383 1556 1426 sedulo

29 1466 32 1522 ᾗ
98 1479 356 1530 volitantem,
377 1488 421 1522 et
439 1478 494 1521 de
522 1493 668 1521 earum
701 1477 863 1528 ordine,
900 1446 1033 1519 causis
1063 1486 1106 1518 et
1135 1475 1352 1518 effectibus
1379 1490 1430 1518 ea
1461 1491 1559 1532 quae

92 1585 200 1614 vera
224 1579 325 1614 sunt
349 1570 679 1613 renuntiantem.
741 1568 903 1611 Mentis
939 1583 1040 1625 ergo
1067 1577 1153 1610 tuae
1184 1577 1227 1609 et
1262 1567 1389 1609 totius
1409 1566 1558 1609 mundi

35 1663 37 1665 ’
98 1661 196 1731 6118
216 1660 491 1725 Philosophia
509 1661 555 1704 in
576 1670 618 1704 te
636 1661 726 1719 ipso
749 1670 835 1711 est3
866 1658 1057 1702 nondum
1078 1658 1252 1700 fortasse
1272 1658 1466 1716 figurata,
1486 1657 1560 1700 sed

97 1754 280 1813 genitori
298 1753 459 1796 mundo
479 1753 614 1812 qualis
633 1762 725 1796 erat
744 1753 787 1794 in
804 1751 1010 1811 principio
1031 1750 1203 1793 informi
1223 1749 1380 1792 similis.
1444 1748 1562 1791 Faci-

26 1851 30 1895 s
98 1845 258 1892 endum
271 1860 374 1904 ergo
391 1845 470 1889 tibi
485 1854 560 1896 est,
578 1844 693 1903 quod
712 1844 874 1887 faciunt
888 1843 1079 1886 statuarii
1096 1843 1170 1901 qui
1184 1842 1405 1884 materiam
1420 1840 1562 1884 excul-

28 1971 30 1973 ψ
97 1946 246 1996 pentes
265 1951 630 1995 supervacaneam,
663 1936 889 1994 imaginem
910 1950 997 1977 non
1023 1933 1196 1985 faciunt,
1229 1933 1302 1976 sed
1323 1933 1558 1976 inveniunt.

99 2029 180 2073 Vel
201 2029 368 2072 imitare
387 2028 657 2072 creationem.
721 2028 859 2085 Super
878 2028 1075 2085 abyssum
1097 2027 1402 2084 cogitationum
1431 2041 1559 2083 expe-

13 2126 33 2187 ζ’
98 2121 462 2178 rimentorumque
505 2129 676 2163 tuorum
721 2119 936 2162 confusam
980 2119 1033 2174 (si
1071 2118 1346 2176 philosophiae
1387 2131 1559 2174 operam

99 2213 251 2257 seriam
280 2212 457 2256 daturus
487 2212 555 2265 sis)
586 2210 872 2269 superferatur
904 2211 1012 2253 ratio
1045 2220 1129 2253 tua.
1199 2209 1387 2253 Confusa
1421 2208 1561 2251 discu-

99 2304 257 2357 tienda,
277 2303 591 2362 distinguenda,
623 2312 666 2345 et
693 2303 778 2345 suis
798 2317 980 2360 quaeque
1000 2302 1165 2360 signata
1182 2301 1426 2345 nominibus
1445 2299 1559 2342 ordi-

29 2438 32 2442 .
99 2396 244 2441 nanda
261 2405 376 2449 sunt,
395 2395 442 2438 id
460 2405 536 2447 est,
557 2394 759 2438 methodo
778 2409 884 2452 opus
902 2404 966 2437 est
986 2394 1174 2451 ipsarum
1193 2407 1337 2435 rerum
1356 2391 1560 2434 creationi

27 2480 59 2524 .'
100 2501 301 2545 congrua.
362 2485 549 2530 Creandi
567 2495 710 2528 autem
730 2485 835 2528 ordo
867 2493 974 2538 erat,
1005 2488 1099 2536 lux,
1130 2487 1265 2526 noctis
1295 2489 1337 2526 et
1368 2485 1456 2525 diei
1472 2485 1560 2526 dis-

30 2619 31 2622 ,
101 2583 260 2630 tinctio,
281 2594 530 2636 capara-mm,
548 2581 800 2629 luminaria,
831 2579 1061 2627 sensibilia,
1083 2580 1215 2621 homo.
1276 2573 1446 2617 Deinde
1465 2583 1560 2631 post

16 2652 25 2712 ἰ
100 2669 369 2720 creationem,
390 2672 655 2713 mandatum.
718 2667 1046 2725 Contemplandi
1067 2682 1169 2724 ergo
1198 2665 1302 2708 ordo
1331 2665 1413 2708 erit
1431 2668 1557 2715 νατὶο,

101 2764 307 2819 definitio,
328 2765 530 2819 spatium,
555 2768 688 2812 astra,
725 2764 914 2819 qualitas
947 2762 1166 2810 sensibilis,
1197 2763 1329 2803 homo.
1390 2756 1562 2800 Deinde

26 2914 28 2916 Ι
101 2852 247 2896 adulto
279 2852 466 2907 homine,
495 2856 607 2896 civis.
669 2851 721 2894 In
751 2852 888 2909 prima
919 2866 1020 2908 ergo
1052 2850 1246 2893 sectionis
1280 2849 1404 2906 hujus
1440 2857 1560 2905 parte

33 2954 35 2957 '
103 2959 200 3003 quae
222 2946 380 3002 Loqica
400 2944 655 2997 inscribitur,
678 2943 861 2988 accendo
882 2943 1019 2986 lucem
1041 2942 1224 2985 rationis.
1288 2941 1340 2984 In
1362 2938 1558 2989 secunda,
