1910 3256
416 246 488 279 DE
515 246 777 290 nme-ORE,
802 247 1008 290 VENTO,
1034 246 1150 280 ETC.
1386 237 1486 283 385

54 351 156 418 'ax
174 356 380 420 grumis,
421 357 568 406 etiam
606 358 734 406 aeris
774 358 1039 423 particulas
1075 357 1128 405 in
1169 373 1225 405 se
1261 365 1486 422 receptas
1539 365 1657 398 PARS
1674 366 1733 399 IV·

61 431 64 435 ’
86 431 316 482 eontinet
336 449 439 482 non
455 443 652 498 paucas.
1547 411 1714 478 2-—38--2

158 507 588 558 Quemadmodum
634 517 799 558 autem
856 510 1061 559 flumina
1105 516 1157 557 et
1197 510 1367 568 maria,
1412 511 1488 559 ita
1503 503 1611 578 {ftffffi
1631 503 1758 543 3¹³⁰²e⁵‘

52 647 53 650 Ἴ
80 599 287 648 „quoque
323 592 376 633 et
416 585 572 634 nubes
613 586 864 649 congelari
897 592 1123 649 possunt.
1194 585 1319 633 Cum
1355 587 1486 634 enim

54 707 57 716 ,
89 659 262 719 nubes,
303 660 471 709 alterae
516 661 854 721 ascendentes,
900 662 1070 710 alterae
1113 661 1487 719 descendentes,

54 735 325 785 waethemm
347 737 680 801 interceptum
714 738 1076 802 compressione
1112 738 1293 796 efflant,
1330 746 1489 786 utras-

89 826 186 875 que
211 811 364 860 nubes
388 812 578 860 efflatus
603 813 732 861 radit
750 821 801 861 et
823 814 1062 877 paulatim
1085 813 1373 876 compingit.
1422 815 1488 861 Et

77 886 333 951 siquidem
353 888 580 951 guttulae,
601 905 661 936 ex
685 888 863 952 quibus
887 890 1043 937 nubes
1059 889 1291 952 componi
1310 889 1486 948 solent,

78 961 311 1015 ‚nondum
350 963 638 1022 coaluerint,
676 971 843 1012 tamen
883 964 1028 1012 flatus
1063 964 1196 1012 idem
1230 964 1486 1023 efficietur,

75 1037 333 1103 alveoque
353 1039 493 1098 flatu,
514 1047 572 1087 ut
594 1052 724 1103 aqua
762 1040 814 1087 in
844 1040 1070 1104 glaciem,
1108 1040 1180 1088 ita
1202 1056 1411 1103 vapores
1435 1041 1487 1088 in

76 1113 251 1165 nivem
275 1115 635 1179 congelascent.
706 1115 784 1163 Ab
822 1116 995 1164 eadem
1033 1132 1183 1164 causa
1222 1123 1312 1175 est,
1353 1116 1488 1180 quod

59 1189 201 1239 ⁴fieri
215 1190 398 1254 glacies
415 1199 523 1240 arte
544 1199 726 1256 potest,
751 1192 902 1241 etiam
923 1208 1079 1256 prope
1103 1192 1285 1255 ignem.
1356 1192 1487 1240 Nam

42 1331 44 1334 y
74 1265 173 1330 ,qui
198 1266 307 1315 hoc
342 1266 548 1326 faciunt,
590 1268 741 1316 salem
773 1267 885 1315 nive
927 1267 1130 1315 mistum
1151 1267 1204 1314 in
1224 1283 1308 1315 vas
1333 1268 1488 1331 conji-

25 1338 49 1390 ξ
85 1341 256 1398 oiunt3
292 1342 345 1391 in
386 1359 446 1391 ea
479 1344 687 1392 materia
708 1344 961 1392 vasculum
995 1359 1136 1408 aquae
1158 1343 1360 1407 plenum
1382 1344 1486 1392 fere

46 1438 48 1441 ’
75 1418 345 1482 capeliam.
416 1419 888 1483 Colliquescentibus
924 1427 1091 1468 autem
1129 1419 1228 1467 sale
1270 1428 1321 1467 et
1356 1420 1485 1479 nive,

44 1495 45 1498 ’
84 1492 331 1557 inquibus
367 1511 549 1559 magna
585 1496 727 1559 copia
767 1496 893 1544 inest
929 1496 1072 1555 aeris,
1111 1512 1366 1559 expressus
1402 1512 1487 1544 aer

34 1563 40 1575 ⁸
71 1569 339 1619 vasculum
378 1587 519 1634 aquae
558 1572 887 1635 undequaque
923 1579 981 1620 ut
1017 1578 1192 1619 ventus
1229 1571 1393 1629 radit3
1437 1578 1487 1619 et

39 1642 41 1646 ’
70 1661 186 1709 :quo
209 1653 350 1694 motu
370 1646 623 1695 vasculum
659 1664 689 1694 a
724 1648 861 1705 flatu,
894 1647 1069 1695 eodem
1092 1654 1232 1695 motu
1255 1647 1488 1694 conclusa

7 1743 13 1786 ᾗ
70 1734 216 1786 aqua
233 1722 297 1771 ab
320 1723 518 1771 actione
541 1723 727 1773 vasculi
749 1723 987 1786 paulatim
1011 1723 1317 1786 congelatur.

151 1798 446 1862 Experimur
467 1806 637 1848 ⁴autem
670 1799 858 1862 frigora
886 1799 939 1846 in
964 1799 1023 1846 iis
1052 1798 1174 1846 locis
1207 1798 1487 1847 remissiora

7 1869 9 1871 ¹
70 1888 278 1938 ,semper
299 1890 422 1933 esse,
465 1875 656 1923 caeteris
679 1875 895 1939 paribus,
938 1875 1019 1923 ubi
1041 1875 1168 1939 pluit
1189 1875 1268 1922 vel
1290 1882 1486 1938 tempus

5 1967 6 1970 ’
34 1972 40 2014 j
69 1950 309 2001 nubilum
349 1959 440 2009 est,
483 1968 631 2015 quam
669 1951 754 1999 ubi
786 1959 996 1999 serenat.
1066 1952 1130 1999 Et
1168 1951 1263 1999 hoc
1288 1951 1486 2014 quidem

7 2023 10 2025 “
68 2063 74 2067 -
78 2027 186 2091 jam
209 2026 355 2076 dictis
376 2035 766 2075 consentaneum
790 2035 881 2075 est.
954 2027 1167 2076 Quando
1201 2027 1334 2074 enim
1358 2043 1487 2075 sere-

35 2126 37 2131 ⁴
67 2118 205 2153 num
244 2110 334 2163 est,
373 2119 543 2152 cursus
578 2103 731 2162 venti,
776 2119 922 2166 quem
958 2103 1136 2151 radere
1176 2103 1485 2166 superficiem

78 2186 232 2228 terrae
271 2179 420 2228 modo
460 2180 856 2238 memoravimus,
894 2188 951 2227 ut
996 2179 1291 2238 liberrimus,
1329 2184 1399 2227 ita
1434 2188 1485 2227 et

42 2261 44 2281 ³
82 2255 381 2308 fortissimus
429 2265 518 2304 est.
613 2256 711 2304 Sed
767 2255 1055 2304 cadentibus
1112 2256 1484 2319 surgentibusve
1562 2276 1565 2278 ·

11 2328 50 2396 J⁴
70 2347 226 2396 aquae
247 2332 456 2396 guttulis
479 2340 657 2381 ventus
695 2332 777 2380 ille
816 2332 1112 2391 retunditur,
1148 2332 1408 2395 frangitur,
1434 2339 1484 2379 et

5 2437 6 2440 =
38 2427 39 2431 ¹
68 2407 363 2472 dissipatur.
433 2408 832 2459 Consentaneum
877 2417 1043 2456 autem
1084 2414 1158 2455 est
1197 2407 1484 2455 debiliorem

70 2483 272 2536 ,factum
294 2485 467 2533 flatum
489 2485 651 2533 minus
674 2484 979 2548 frigefacere.

17 2586 30 2591 ν
112 2608 121 2614 ,
150 2560 445 2625 Experimur
475 2560 612 2619 item,
651 2560 703 2607 in
726 2559 885 2623 puteis
908 2558 1310 2622 profundioribus
1334 2574 1482 2622 quam

81 2634 138 2699 in
163 2636 421 2700 superficie
449 2645 594 2684 terrae
628 2652 806 2699 aquam
842 2634 1092 2697 congelari
1128 2634 1304 2682 minus.
1374 2634 1481 2682 Fla-a

8 2735 45 2754 ·.
68 2719 167 2762 -tus
201 2712 333 2765 enim
369 2728 399 2760 a
435 2728 533 2775 quo
574 2713 633 2760 fit
668 2711 865 2775 glacies,
899 2717 1097 2769 terram,
1126 2717 1329 2773 propter
1368 2726 1481 2774 par-

6 2823 8 2826 >
39 2838 42 2842 ,
70 2789 212 2845 =,tium
263 2789 368 2852 ejus
412 2789 683 2846 laxitatem,
734 2787 1053 2850 aliquousque
1108 2786 1481 2850 subingrediens

12 2905 18 2919 .
68 2864 264 2917 narium
282 2880 482 2914 suarum
500 2866 746 2929 jacturam
764 2863 885 2912 facit
903 2879 1003 2911 non
1019 2876 1249 2926 magnam
1267 2884 1278 2918 ;
1315 2863 1479 2926 itaque

220 2956 345 2990 vor..
373 2956 409 2989 1.
1262 2954 1290 2987 c
1318 2954 1345 2987 c
