1936 3262
511 314 627 343 vrrAE
650 313 897 342 HOBBIANAE
920 313 1199 342 AUCTARIUM.
1487 298 1577 340 lxiii

180 424 304 483 Benj.
321 425 543 475 Jonsonus‚
564 424 696 466 Poeta
709 424 959 467 Laureatus.
1019 423 1140 467 Obiit
1159 425 1282 467 1637.
1343 423 1455 466 Vide
1474 422 1576 466 Ant.

121 530 150 559 a
169 515 316 567 Wood,
339 515 452 559 Hist.
473 525 516 558 et
538 515 686 572 Antiq.
711 514 852 558 Oxon.
874 515 955 557 vol.
978 514 1020 556 ii.
1041 529 1082 571 p.
1107 516 1160 558 27
1166 517 1206 557 3.
1372 573 1376 579 .

184 606 396 650 Robertus
431 606 640 664 Aytonus‚
679 604 759 662 Eq.
790 606 940 648 Aurat.
976 605 1142 647 Nobilis
1178 604 1575 657 Semo-Britannus,

125 697 268 740 Annae
287 706 331 740 et
351 696 505 758 Mariae
527 696 697 753 Angliae
721 696 897 753 Reginis
917 697 971 739 ab
995 696 1206 753 Epistolis,
1227 711 1305 738 nec
1324 711 1409 738 non
1424 712 1449 739 a
1464 697 1578 740 Con-

125 789 226 833 siliis
263 799 307 832 et
345 789 522 832 Libellis
564 789 846 846 Supplicibus.
908 790 1030 833 Obiit
1072 793 1209 841 16383
1253 790 1349 832 vide
1389 793 1581 834 Delicias

125 885 359 926 Poetarwm
391 884 552 926 Scotor.
594 885 729 924 12mo.
766 882 903 924 Amst.
941 884 1065 932 1637,
1087 896 1113 924 a
1132 896 1228 939 pag.
1249 884 1305 924 35
1334 881 1389 924 ad
1409 884 1491 933 763
1538 891 1581 924 et

123 973 384 1031 epitaphium
403 975 493 1031 ejus
513 973 557 1016 in
578 974 735 1031 templo
758 972 1202 1016 Westmonasteriensi.

184 1063 373 1108 Galileus
405 1064 572 1116 Galilei‚
598 1065 990 1107 mathematicorum
1019 1064 1083 1107 sui
1113 1064 1193 1107 aevi
1222 1064 1343 1107 facile
1372 1065 1579 1121 princeps.

127 1155 250 1199 Obiit
286 1158 409 1208 1641.
494 1155 605 1199 Vide
637 1159 782 1214 Eloqii
813 1158 1037 1200 d'Uomini
1072 1159 1272 1207 letter-ati,
1307 1155 1352 1197 di
1387 1155 1581 1198 Lorenzo

128 1246 294 1289 Crasso.

187 1337 436 1381 Franciscus
453 1337 702 1389 Niceronus,
727 1338 782 1381 O.
796 1338 859 1380 M.
883 1337 1206 1395 Thaumaturgo
1224 1337 1378 1395 Optico
1393 1339 1581 1382 celebris.

130 1428 253 1472 Obiit
275 1431 400 1471 1646.
697 1483 700 1485 -

188 1519 383 1562 Marinus
405 1518 672 1570 Mersennus,
697 1518 820 1562 Ο.Μ.
841 1485 1004 1576 scriptis
1024 1519 1173 1561 clarus.
1236 1519 1356 1563 Obiit
1381 1524 1503 1564 1648.

187 1611 339 1654 Petrus
371 1611 627 1662 Gassendus,
666 1611 835 1653 Parisiis
874 1611 1120 1654 Matheseffis
1158 1611 1374 1655 Professor
1410 1614 1583 1673 Regius.

130 1703 252 1748 Obiit
275 1706 398 1747 1655.
458 1703 570 1746 Vide
594 1702 797 1745 Sorbierii
820 1701 946 1744 Praef.
967 1703 1012 1744 in
1035 1703 1118 1760 Op.
1138 1703 1358 1748 Gassendi.

188 1795 380 1838 Renatus
416 1795 644 1846 Cartesius,
685 1794 872 1837 Mathesi
906 1795 1193 1847 admirandus,
1223 1805 1266 1838 et
1296 1797 1585 1855 Philosophiae

128 1887 336 1930 columen.
412 1886 534 1930 Obiit
555 1885 741 1928 Holmiae
765 1886 997 1929 Succorum
1022 1890 1146 1938 1650,
1170 1887 1304 1932 AEtat.
1328 1891 1396 1932 54.
1441 1889 1585 1932 Vitam

128 1978 219 2035 ejus
252 1977 418 2035 scripsit
450 1977 565 2020 Petr.
589 1977 796 2029 Borellus,
822 1977 949 2022 M.D.
1023 1979 1134 2021 Vide
1165 1979 1293 2022 etiam
1319 1980 1385 2023 Jo.
1420 1981 1586 2038 Tepelii

131 2069 365 2112 Historiam
387 2068 671 2126 Philosophiae
693 2070 963 2113 Cartesianae.

188 2159 476 2217 Hieronymus
489 2159 736 2210 Verdusius,
758 2160 912 2203 nobilis
928 2161 1184 2218 Aquitanus,
1199 2163 1268 2205 eui
1289 2178 1362 2205 sex
1383 2163 1586 2222 Dialogos

130 2251 184 2294 de
206 2250 415 2293 Examine
433 2260 478 2293 et
508 2250 818 2293 Emendatione
850 2251 1094 2294 Matheseffis
1115 2253 1333 2296 hodiernae
1363 2255 1584 2312 inscripsit,

131 2356 210 2384 nec
249 2356 336 2384 non
378 2341 536 2384 Poema
574 2341 628 2384 de
668 2342 769 2385 Vita
807 2342 988 2399 propria.
1048 2343 1118 2386 De
1157 2359 1206 2387 eo
1246 2345 1342 2387 vide
1385 2346 1587 2389 Sorbierii

135 2431 305 2476 Praefat.
326 2433 370 2475 in
393 2433 477 2490 Op.
502 2433 723 2476 Gassendi.

194 2522 427 2566 Kenelmus
457 2524 663 2583 Digbeus,
688 2525 769 2583 Eq.
792 2527 945 2569 Aurat.
977 2526 1110 2569 nobili
1138 2542 1308 2584 genere,
1340 2529 1588 2587 scriptisque

133 2613 321 2668 illustris,
361 2614 540 2672 Reginae
575 2616 729 2660 Mariae
772 2617 1071 2660 Cancellarius.
1133 2618 1254 2661 Obiit
1293 2622 1415 2662 1665.
1478 2621 1588 2664 Vide

135 2704 240 2748 Ant.
260 2720 288 2748 a
308 2704 455 2758 Wood,
479 2707 593 2750 Hist.
613 2717 658 2751 et
678 2709 826 2766 Antiq.
850 2709 990 2752 Oxon.
1014 2709 1095 2753 vol.
1118 2709 1159 2751 ii.
1181 2725 1278 2768 pag.
1299 2714 1396 2754 383.

191 2796 257 2839 Jo.
293 2796 513 2849 Seldenus,
546 2798 679 2842 honos
710 2799 946 2843 Britanniae
979 2816 1064 2858 quo
1094 2800 1231 2858 elogio
1261 2801 1380 2844 illum
1414 2803 1589 2847 Grotius

135 2888 321 2932 celebrat
349 2889 394 2931 in
416 2890 577 2933 Annot.
600 2891 655 2933 ad
684 2891 756 2935 lib.
780 2892 821 2934 ii.
843 2896 896 2937 de
923 2896 1034 2937 Jure
1055 2895 1172 2936 Belli
1198 2902 1241 2937 et
1271 2896 1411 2945 Pacis,
1433 2910 1523 2953 cap.
1544 2897 1588 2938 ii.

136 2993 254 3022 num.
275 2983 316 3022 2.
376 2979 487 3024 Vide
506 2981 633 3025 etiam
656 2982 758 3026 Ant.
774 2998 801 3026 a
819 2983 965 3036 Wood,
989 2983 1089 3026 ibid.
1105 2999 1146 3040 p.
1164 2987 1260 3028 349.
1323 2985 1442 3029 Obiit
1467 2990 1588 3032 1654.
