1910 3256
184 404 298 436 PARS
325 405 380 437 1V.

259 449 310 480 30.

178 1605 244 1635 Cur
260 1604 321 1634 uri-

176 1652 300 1678 natores
314 1657 414 1687 aquae,

177 1691 228 1721 eui
245 1701 277 1720 se
290 1691 416 1720 immer-

176 1739 265 1774 gunt,
277 1743 338 1763 non
349 1744 416 1764 sen-

178 1777 261 1807 tiunt
283 1777 414 1816 pondus.

432 280 527 322 418
992 285 1244 319 PHYSICA.

434 400 717 447 differentiae
748 406 860 446 sunt
889 405 929 454 l,
957 404 1002 453 3,
1028 403 1072 454 5,
1102 398 1148 454 7,
1186 397 1268 443 &c.
1306 395 1357 442 id
1390 402 1479 452 est,
1516 394 1706 442 numeri
1743 394 1804 442 ab

433 475 618 522 unitate
642 474 867 536 deinceps
890 473 1113 534 impares.

499 549 681 597 Contra
708 548 958 612 gravitatis
995 562 1191 594 causam
1225 545 1439 602 allatam,
1473 560 1646 607 nempe
1681 543 1806 591 aeris

433 624 693 686 superioris
748 623 1024 685 impulsum,
1084 620 1342 683 objicietur
1396 619 1620 677 fortasse,
1675 617 1806 682 quod

431 715 580 759 grave
627 697 773 746 etiam
818 698 869 744 in
902 695 1054 743 fundo
1103 695 1394 742 collocatum
1441 694 1646 757 alicujus
1700 693 1806 740 tubi

433 774 633 821 concavi
655 773 799 820 ferrei
823 772 899 819 vel
932 770 1247 828 adamantini,
1283 770 1475 817 inverso
1509 768 1663 816 fundo
1699 767 1807 816 des-

433 864 689 896 censurum
736 863 875 901 esse3
933 846 1039 893 fieri
1084 854 1249 892 tamen
1294 860 1394 891 non
1437 859 1580 906 posse
1625 849 1682 890 ut
1725 857 1808 890 aer

434 924 653 986 superior
671 923 829 985 ipsum
848 921 1071 984 depellat,
1089 919 1338 982 multoque
1361 919 1521 966 minus
1539 926 1595 966 ut
1617 924 1808 965 motum

434 1000 536 1061 ejus
559 998 808 1045 acceleret.
879 994 1293 1044 Considerandum
1328 1001 1492 1041 autem
1523 1000 1612 1051 est,
1641 992 1807 1055 hujus-

435 1073 566 1120 modi
604 1073 776 1120 tubum
813 1072 888 1119 vel
928 1087 1185 1119 cavernam
1226 1085 1328 1116 esse
1365 1085 1464 1116 non
1503 1083 1660 1131 posse,
1699 1082 1808 1130 quae

433 1164 531 1195 non
578 1148 671 1210 ipsi
714 1156 857 1194 terrae
902 1147 1169 1210 innitatur,
1197 1145 1514 1207 innixumque
1553 1159 1652 1191 una
1695 1158 1806 1190 cum

431 1230 563 1270 terra
606 1229 742 1269 motu
785 1221 878 1268 hoc
920 1237 1081 1268 aerem
1125 1220 1374 1283 rejiciente
1421 1218 1804 1266 circumferatur.

435 1298 544 1346 Quo
579 1297 726 1355 facto,
750 1296 930 1344 fundus
961 1296 1066 1343 tubi
1095 1311 1184 1359 pro
1218 1294 1471 1357 superficie
1508 1293 1602 1341 erit
1644 1300 1807 1351 terrae,

432 1388 689 1434 aeremque
725 1371 876 1419 imum
911 1370 1160 1418 excutiens
1195 1370 1342 1417 faciet
1379 1377 1436 1417 ut
1471 1384 1555 1416 aer
1591 1383 1808 1416 summus

431 1463 577 1510 grave
600 1448 651 1494 in
675 1463 862 1495 summo
893 1446 1012 1494 tubo
1035 1446 1263 1509 positum,
1288 1461 1345 1492 eo
1377 1444 1524 1492 modo
1558 1443 1642 1507 qui
1665 1457 1811 1506 supra

433 1523 701 1585 explicatus
726 1530 816 1579 est,
840 1522 1064 1585 depellat.

499 1603 544 1644 6.
582 1597 704 1644 Cum
749 1604 887 1644 tanta
932 1597 994 1643 sit
1051 1602 1282 1658 quantam
1339 1594 1615 1657 experimur
1668 1607 1811 1654 aquae

432 1673 661 1735 gravitas,
687 1672 943 1734 quaesitum
967 1679 1039 1718 est
1061 1687 1091 1717 a
1113 1669 1376 1728 nonnullis,
1396 1669 1478 1731 qui
1500 1667 1607 1715 fieri
1627 1674 1808 1730 potest,

432 1754 487 1794 ut
531 1747 806 1794 urinatores
852 1746 904 1792 in
950 1753 1376 1807 quantamcunque
1426 1741 1811 1806 profunditatem

433 1838 572 1884 aquae
596 1837 647 1869 se
676 1822 983 1883 immergant,
1019 1819 1344 1866 incumbentis
1368 1826 1532 1865 tamen
1555 1816 1647 1864 sibi
1669 1832 1809 1879 aquae

434 1898 572 1944 molis
594 1897 785 1960 pondus
809 1911 1059 1958 nunquam
1084 1893 1329 1941 sentiant?
1397 1893 1545 1956 Cujus
1569 1891 1640 1939 rei
1663 1907 1810 1939 causa

433 1972 627 2019 videtur
651 1987 755 2019 esse
777 1971 911 2018 haec:
949 1970 1080 2033 quod
1110 1968 1490 2031 unumquodque
1514 1982 1687 2031 corpus
1711 1983 1808 2029 quo

433 2048 626 2110 gravius
658 2054 744 2105 est,
771 2054 907 2093 tanto
939 2046 1165 2093 deorsum
1201 2044 1359 2091 tendit
1396 2050 1575 2090 conatu
1608 2042 1806 2104 majore.

435 2122 532 2170 Sed
576 2138 750 2185 corpus
794 2122 1057 2168 humanum
1116 2119 1244 2167 mole
1289 2134 1443 2181 aquae,
1497 2133 1605 2180 quae
1649 2116 1808 2179 ipsum

433 2197 765 2260 magnitudine
789 2202 965 2258 aequat,
989 2195 1183 2258 gravius
1206 2201 1293 2242 est.
1344 2194 1431 2241 Est
1454 2208 1570 2255 ergo
1594 2191 1808 2254 corporis

432 2273 647 2331 humani,
672 2288 816 2334 quam
852 2287 1006 2333 aquae,
1031 2276 1232 2317 conatus
1263 2268 1487 2316 deorsum
1509 2267 1679 2329 major.
1745 2266 1809 2313 Et

435 2349 547 2411 quia
569 2347 724 2396 omnis
748 2353 948 2394 conatus
971 2352 1131 2393 motus
1156 2351 1242 2402 est,
1266 2343 1450 2390 feretur
1473 2342 1619 2389 etiam
1641 2355 1808 2388 versus

434 2424 639 2471 fundum
678 2430 816 2470 motu
854 2421 1094 2468 velociore
1131 2434 1305 2481 corpus
1340 2418 1622 2475 humanum,
1664 2431 1808 2478 quam

435 2498 721 2546 tantundem
747 2513 900 2560 aquae.
970 2496 1130 2558 Major
1163 2510 1278 2557 ergo
1313 2500 1386 2541 est
1419 2492 1602 2540 reactio
1635 2490 1806 2546 fundi3

436 2582 485 2621 et
507 2581 707 2622 conatus
731 2588 920 2620 sursum
952 2587 1042 2634 par
1071 2570 1266 2618 conatui
1289 2569 1531 2626 deorsum,
1566 2567 1665 2614 sive
1697 2581 1808 2628 pre-

435 2657 594 2697 matur
617 2665 742 2711 aqua
764 2648 824 2695 ab
852 2662 992 2709 aqua,
1017 2646 1116 2693 sive
1140 2661 1170 2692 a
1192 2660 1409 2707 corpore,
1434 2642 1566 2705 quod
1598 2641 1661 2689 sit
1682 2656 1808 2703 aqua

435 2725 641 2788 gravius.
733 2724 902 2785 Itaque
947 2737 977 2768 a
1019 2721 1214 2783 paribus
1259 2718 1493 2782 oppositis
1538 2715 1804 2774 conatibus,

436 2806 634 2846 conatus
657 2815 796 2861 aquae
825 2805 1028 2859 uterque
1052 2795 1254 2854 tollitur,
1280 2802 1330 2842 et
1352 2792 1559 2856 proinde
1582 2805 1803 2855 premere

434 2875 730 2922 urinatorem
754 2889 851 2921 non
874 2878 1046 2935 potest.
