1936 3262
531 274 643 302 vrrAE
662 273 905 301 nossssmmss
929 273 1207 302 Auc'rAmUM.
1463 257 1597 299 xxxiii

152 383 244 428 illos
267 383 464 442 Princeps
486 384 660 436 Walliae,
681 399 794 427 nunc
818 384 911 426 Rex
932 384 1125 441 optimus,
1162 382 1337 426 Carolus
1363 382 1593 424 Secundus.

154 474 350 518 Hobbius
376 475 516 534 itaque
547 490 700 533 magna
731 475 853 518 famae
885 475 1126 518 celebritate
1146 484 1233 517 tum
1255 473 1368 531 apud
1388 488 1482 515 suos
1504 482 1593 514 tum

151 575 317 609 exteros
355 567 684 618 florentissimus,
724 583 750 609 a
790 567 1056 624 magnatibus
1105 565 1357 623 quibusdam
1409 564 1596 621 Principi

150 658 463 701 commendatus
496 668 571 709 est,
613 667 661 700 ut
695 658 1028 700 mathematicam
1064 657 1142 714 ipsi
1176 656 1436 714 praelegeret.
1498 654 1596 703 Quo

151 763 325 791 munere
344 763 497 807 magno
515 763 612 791 cum
625 748 786 805 judicio
806 748 1061 805 perfunctus,
1087 762 1179 789 eam
1201 746 1433 789 mathesews
1454 745 1596 802 cogni-

152 839 307 882 tionem
337 839 555 897 impressit,
592 855 718 897 quam
743 839 868 882 hodie
889 840 931 881 in
954 848 1069 882 tauto
1106 838 1300 895 Principe
1334 837 1597 880 admirantur

149 945 306 982 omnes,
339 931 527 989 adeoque
546 931 714 988 placuit,
750 942 798 974 ut
827 932 940 989 apud
974 932 1110 989 ipsum
1147 931 1286 989 regnis
1321 930 1598 974 haereditariis

149 1022 388 1065 restitutum
433 1023 616 1066 maxima
653 1038 817 1080 semper
853 1023 1044 1066 floruerit
1089 1023 1237 1080 gratia,
1289 1037 1431 1065 annuo
1470 1022 1597 1064 etiam

149 1113 371 1157 honorario
389 1127 573 1157 ornatus.
634 1114 713 1157 Illo
748 1126 935 1172 tempore
973 1114 1141 1157 Samuel
1181 1114 1429 1164 Sorbierius,
1468 1112 1597 1155 M.D.

149 1204 378 1248 doctissimi*
413 1205 616 1248 Samuelis
639 1205 766 1249 Petiti
786 1221 926 1263 nepos,
960 1206 1003 1248 in
1027 1205 1299 1248 Hollandiam
1319 1204 1595 1262 profecturus,

150 1296 363 1354 exemplar
381 1296 479 1340 libri
498 1299 568 1341 De
591 1299 690 1341 Cive
709 1297 858 1339 ultima
876 1297 1062 1340 authoris
1083 1312 1211 1339 manu
1244 1296 1436 1338 limatum
1468 1295 1600 1351 impe—

151 1397 344 1439 traverat,
380 1403 506 1446 quem
537 1388 630 1431 ideo
665 1389 904 1431 Gassendus
924 1398 967 1431 et
992 1388 1243 1431 Mersennus
1274 1387 1407 1429 missis
1431 1386 1600 1429 duobus

150 1478 348 1536 epistoliis
381 1478 622 1530 laudabant,
658 1489 700 1521 et
732 1479 832 1521 boni
865 1479 1023 1536 publici
1055 1494 1179 1521 causa
1210 1488 1257 1520 ut
1287 1478 1395 1535 typis
1433 1477 1600 1534 optimis

151 1569 440 1620 committeret,
462 1570 718 1621 incitabant3
749 1586 846 1628 quae
877 1570 943 1613 hic
975 1569 1055 1613 loci
1087 1570 1334 1612 interserere
1355 1584 1439 1611 non
1461 1569 1535 1611 abs
1555 1584 1601 1611 re

151 1660 334 1704 alienum
348 1661 507 1718 judico,

200 1839 415 1870 GASSENDt
437 1840 665 1878 EPISTOLA,
704 1832 1056 1870 “PER-Eunomo
1079 1842 1132 1871 Ac
1163 1841 1414 1871 PER-Ammo
1436 1841 1543 1869 vuzo

370 1915 569 1944 SAMUEm
591 1917 815 1946 sommam
837 1917 1009 1947 PETRUS
1031 1917 1286 1946 GAssENnus
1311 1904 1371 1945 s.”

210 2014 238 2036 “
255 2009 381 2060 Quod
402 2010 638 2068 epistolium
653 2010 707 2054 ad
720 2026 800 2062 me,
824 2011 971 2054 Caleto
992 2011 1083 2053 vela
1103 2026 1201 2054 mox
1221 2011 1418 2062 facturus,
1436 2011 1601 2062 dedisti,

153 2100 306 2158 accepi.
381 2101 500 2143 Nihil
539 2117 642 2159 opus
681 2101 761 2144 fuit
800 2117 1012 2154 excusare,
1054 2103 1168 2160 quod
1207 2103 1298 2145 vale
1337 2117 1475 2145 coram
1516 2117 1603 2144 non

153 2191 334 2243 dixeris3
364 2207 462 2234 nam
482 2192 707 2250 praeclarus
728 2203 869 2236 noster
891 2192 1114 2236 Martellus
1134 2205 1198 2236 sat
1217 2193 1455 2245 declaravit,
1475 2209 1603 2252 quam

154 2282 375 2340 improvisa
408 2283 651 2326 discedendi
685 2284 843 2327 occasio
877 2285 1015 2335 fuerit,
1051 2298 1094 2327 et
1120 2300 1247 2343 quam
1279 2285 1516 2342 requisieris
1536 2301 1604 2328 me

154 2383 308 2425 tamen,
342 2383 558 2434 utcunque
589 2390 674 2417 non
709 2375 915 2418 adfuerim
951 2375 1077 2418 domi.
1138 2375 1264 2426 Quod
1301 2375 1419 2418 addis
1448 2385 1600 2428 tamen,

154 2466 336 2524 potuisse
362 2475 405 2509 te
431 2476 529 2509 ante
560 2466 783 2510 discessum
815 2477 1066 2525 extorquere
1086 2468 1140 2510 ab
1160 2466 1317 2509 eximio
1337 2467 1408 2510 illo
1430 2467 1603 2511 Hobbio

155 2557 199 2600 id
218 2557 456 2615 exemplum
476 2557 573 2600 libri
594 2561 662 2601 De
684 2561 795 2609 Cive,
822 2558 890 2601 eui
911 2559 998 2616 ipse
1017 2574 1145 2601 manu
1165 2559 1334 2616 propria
1354 2559 1604 2616 marginales

155 2658 275 2692 notas
293 2649 499 2706 apposuit,
529 2659 578 2691 ut
597 2664 693 2692 cum
714 2649 832 2701 istuc,
854 2650 927 2693 ubi
949 2660 990 2693 te
1010 2666 1140 2693 voveo
1161 2650 1425 2702 incolumem,
1457 2666 1603 2708 perve-

155 2739 280 2791 neris,
315 2739 384 2782 edi
413 2740 561 2782 iterato
594 2755 804 2797 procures,
835 2741 880 2783 id
898 2757 1162 2799 summopere
1181 2742 1413 2784 delectavit.
1474 2742 1604 2785 Vide-

155 2831 266 2883 licet,
303 2841 388 2874 tam
419 2847 552 2888 pauca
583 2832 700 2876 fuere
734 2849 887 2876 excusa
918 2834 1017 2876 libri
1051 2832 1320 2890 exemplaria,
1355 2843 1402 2875 ut
1436 2833 1507 2875 illa
1540 2835 1604 2876 sui

156 2924 268 2967 sitim
286 2923 425 2981 potius
451 2924 638 2978 fecerint,
673 2941 799 2983 quam
818 2925 1104 2983 expleverint3
1135 2924 1341 2982 siquidem
1361 2924 1603 2968 innumeros

271 3028 370 3058 voL.
398 3029 426 3056 1.
1406 3020 1437 3059 d
