1936 3262
507 244 597 287 160
899 252 1273 287 PHILOSOPHIA
1298 253 1487 286 PRIMA.

274 369 390 401 PARS
409 369 457 402 ΙΙ·
502 380 647 412 eursu
686 364 738 412 in
771 381 870 412 uno
905 372 1106 428 puncto,
1137 364 1343 412 distrahi
1365 364 1445 412 vel
1473 371 1613 412 motu
1635 363 1877 423 circulari,

282 414 459 484 ss
504 441 641 504 cujus
665 447 888 488 centrum
924 448 999 487 est
1033 439 1193 502 ipsum
1217 455 1483 487 concursus
1517 446 1770 503 punctum,
1805 440 1875 489 ita

497 523 555 564 ut
578 523 773 564 maneat
797 531 964 563 earum
987 514 1267 570 rectitudo;
1305 523 1354 563 et
1377 515 1522 578 hujus
1541 514 1871 564 distractionis

500 591 600 640 sive
624 591 941 655 divergentiae
970 590 1218 654 quantitas
1251 591 1417 639 vocari
1442 591 1566 638 solet
1590 571 1874 654 simpliciter

500 667 715 731 angulus
740 685 756 714 .·
825 666 903 714 vel
960 673 1126 728 potest
1178 665 1384 713 distrahi
1439 682 1528 729 per
1590 665 1880 716 continuam

499 742 759 789 flexionem
792 741 893 789 sive
932 741 1268 789 curvationem
1298 741 1350 789 in
1387 741 1520 789 omni
1556 742 1659 804 ejus
1692 747 1879 804 puncto

499 817 832 880 imaginabili3
871 816 1204 864 distractionis
1247 824 1411 864 autem
1451 817 1595 880 hujus
1631 816 1879 880 quantitas

500 900 706 940 vocatur
730 892 945 956 angulus
970 891 1338 956 contingentice.

566 969 809 1016 Praeterea
854 967 1145 1031 angulorum
1181 966 1556 1029 superficialium
1591 966 1876 1030 simpliciter

500 1043 759 1102 dictorum,
786 1044 870 1106 qui
893 1044 944 1090 in
967 1043 1114 1106 plana
1139 1043 1394 1105 superficie
1418 1049 1547 1100 sunt,
1571 1041 1704 1104 plani
1728 1049 1874 1098 sunt;
1935 1067 1936 1079 κ

499 1119 582 1181 qui
605 1119 657 1167 in
680 1119 775 1166 alia
799 1118 1055 1182 superficie
1081 1125 1211 1176 sunt,
1237 1118 1298 1165 ab
1318 1118 1401 1166 illa
1425 1117 1818 1165 denominantur.

565 1194 816 1242 Postremo
834 1194 916 1257 qui
931 1194 1079 1241 rectis
1099 1194 1416 1241 continentur
1434 1192 1591 1251 lineis,
1611 1192 1873 1248 rectilinei;

498 1268 582 1330 qui
621 1269 798 1327 curvis,
842 1269 1010 1332 anguli
1053 1268 1307 1316 curvilinei
1342 1275 1484 1324 sunt;
1523 1268 1607 1332 qui
1647 1277 1786 1316 recta
1822 1276 1876 1317 et

498 1359 647 1391 curva
671 1345 1003 1402 continentur,
1024 1344 1181 1391 mixti.
1898 1338 1908 1345 ⁵

238 1426 361 1467 Anguli
392 1427 478 1468 ejus·
564 1424 609 1467 8.
647 1420 870 1468 Duorum
917 1420 1211 1467 circulorum
1259 1419 1685 1467 concentricorum
1734 1435 1874 1467 arcus

238 1471 477 1546 {iffiuffimssznm
499 1493 612 1553 duo,
646 1495 776 1544 inter
814 1496 936 1543 duos
960 1495 1124 1542 radios
1149 1495 1427 1558 intercepti,
1452 1494 1636 1542 habent
1659 1495 1790 1542 inter
1826 1510 1876 1543 se

236 1558 479 1633 ξξῗῖζζζῖζξυῖξὶ
498 1569 703 1617 eandem
726 1571 986 1628 rationem,
1012 1586 1158 1633 quam
1181 1570 1367 1617 habent
1384 1569 1637 1633 perimetri
1660 1577 1795 1618 totae.

236 1644 411 1685 perimetri.
565 1645 675 1693 Sint
722 1646 853 1693 enim
910 1646 1013 1708 (fig.
1068 1645 1112 1707 1)
1170 1653 1340 1692 centro
1394 1645 1439 1692 A
1499 1645 1732 1708 descripti
1778 1645 1873 1693 duo

498 1719 668 1767 circuli
693 1720 732 1767 B
758 1721 797 1768 C
821 1721 882 1779 D,
907 1721 947 1767 Ε
972 1721 1009 1766 F
1033 1721 1088 1767 G.
1160 1721 1295 1767 Inter
1314 1720 1476 1767 radios
1501 1729 1665 1768 autem
1689 1720 1734 1767 A
1756 1721 1796 1768 E
1818 1721 1882 1780 B‚=

497 1795 541 1841 A
573 1795 610 1842 F
642 1795 695 1854 C,
733 1795 998 1858 intercepti
1033 1795 1131 1842 sint
1159 1811 1301 1842 arcus
1340 1795 1379 1842 B
1412 1795 1466 1854 C,
1503 1804 1552 1843 et
1587 1796 1627 1843 E
1662 1796 1728 1851 F;
1765 1796 1873 1844 dico

497 1870 737 1918 rationem
765 1871 804 1917 B
831 1871 870 1917 C
893 1886 1035 1917 arcus
1071 1869 1132 1917 ad
1167 1871 1206 1917 E
1232 1871 1268 1917 F
1305 1887 1473 1918 arcum
1510 1871 1715 1919 eandem
1753 1887 1872 1930 esse,

498 1962 644 2008 quam
662 1946 812 1993 habet
830 1945 869 1994 C
888 1946 928 1993 B
944 1946 988 1993 D
1008 1946 1271 2009 perimeter
1290 1946 1353 1993 ad
1370 1947 1409 1993 E
1430 1947 1467 1993 F
1486 1946 1528 1994 G
1541 1947 1873 2009 perimetrum.

497 2020 808 2084 Intelligatur
842 2021 972 2068 enim
1006 2021 1171 2068 radius
1196 2021 1241 2068 A
1265 2021 1302 2068 F
1326 2021 1365 2068 C
1387 2022 1574 2069 moveri
1606 2030 1745 2070 motu
1779 2023 1871 2070 cir-

497 2097 649 2144 culari
687 2113 832 2160 super
870 2106 1041 2144 centro
1065 2097 1110 2143 A
1133 2097 1379 2156 uniformi,
1413 2097 1464 2144 id
1488 2105 1578 2156 est,
1613 2097 1872 2145 velocitate

494 2174 676 2237 ubique
702 2173 873 2221 eadem
894 2194 906 2228 ;
946 2173 1190 2220 describet
1207 2180 1445 2236 punctum
1462 2173 1566 2220 Cin
1591 2181 1726 2220 certo
1753 2180 1872 2220 tem-

493 2265 613 2311 pore
632 2249 951 2312 perimetrum
984 2249 1022 2296 C
1047 2249 1086 2295 B
1111 2249 1171 2306 D,
1194 2256 1242 2296 et
1275 2249 1326 2296 in
1348 2256 1488 2312 parte
1513 2251 1615 2312 ejus
1640 2248 1871 2311 temporis

494 2340 663 2372 arcum
688 2325 726 2372 C
751 2325 807 2383 Β,
845 2332 896 2371 et
932 2324 1162 2387 quoniam
1197 2323 1484 2371 velocitates
1514 2331 1628 2371 sunt
1662 2323 1871 2387 aequales
1902 2346 1913 2365 s

495 2400 671 2462 quibus
710 2407 760 2447 et
795 2415 937 2447 arcus
980 2408 1030 2447 et
1065 2400 1329 2463 perimeter
1366 2407 1474 2447 tota
1513 2400 1869 2458 describuntur,

492 2475 620 2522 ratio
660 2474 1014 2537 magnitudinis
1053 2474 1307 2537 perimetri
1345 2475 1383 2522 C
1422 2475 1462 2522 B
1499 2476 1543 2523 D
1580 2475 1643 2523 ad
1683 2475 1870 2538 magni-

493 2550 715 2598 tudinem
739 2566 881 2598 arcus
907 2550 945 2596 C
970 2550 1009 2596 B
1035 2549 1391 2597 determinatur
1415 2567 1445 2598 a
1468 2551 1572 2598 sola
1595 2550 1870 2598 differentia

491 2635 802 2689 temporum3
840 2625 1063 2672 similiter
1085 2625 1374 2687 probabitur
1408 2626 1537 2688 quod
1570 2625 1696 2673 ratio
1734 2641 1868 2688 mag-

491 2702 730 2749 nitudinis
752 2700 1004 2764 perimetri
1024 2700 1061 2746 F
1084 2700 1123 2746 E
1149 2699 1191 2747 G
1214 2699 1277 2747 ad
1305 2700 1692 2763 magnitudinem
1726 2716 1867 2748 arcus

492 2777 529 2823 F
568 2778 608 2824 E
651 2776 1007 2824 determinatur
1046 2791 1076 2823 a
1113 2775 1216 2822 sola
1257 2782 1533 2838 temporum
1576 2775 1864 2834 differentia,

492 2852 668 2913 quibus
705 2852 969 2915 perimeter
998 2858 1048 2898 et
1083 2866 1225 2897 arcus
1252 2850 1333 2898 ille
1374 2850 1731 2899 describuntur.
1799 2851 1866 2899 At
