1936 3262
543 303 657 332 V1TAE
681 302 927 332 nonmANAE
950 301 1232 331 AncTARmM.
1549 289 1607 330 lxi

154 413 428 466 indixerunt3
476 414 715 473 scriptaque
754 428 1042 471 saepenumero
1081 413 1261 456 flammis
1295 421 1609 471 prosequentes,

154 514 219 549 tot
229 504 432 563 praeclara
444 505 617 548 senioris
630 505 710 548 aevi
725 513 999 547 monumenta
1010 504 1229 547 latrocinio
1242 503 1425 562 quodam
1438 505 1612 561 posteris

155 596 462 654 surripuerunt.
527 596 611 639 Sed
639 606 859 654 provectus
889 596 1001 639 ultra
1031 611 1159 654 quam
1182 611 1259 653 par
1294 604 1368 646 est,
1405 595 1460 638 ad
1494 596 1615 637 insti-

155 697 298 732 tutum
315 687 457 732 redeo.

213 778 488 823 Consuetudo
525 779 615 837 ejus
649 789 697 822 ut
735 778 962 836 prodesset,
999 779 1224 836 conjuncta
1262 792 1406 820 rerum
1437 777 1614 834 ponderi

60 887 87 912 s:
155 870 358 915 sermonis
383 870 578 929 gravitas,
610 880 659 914 ut
688 871 927 923 delectaret,
959 870 1120 914 facetiae
1156 869 1398 913 effecerunt.
1462 869 1515 911 In
1549 885 1615 912 re-

156 962 317 1021 sponsis
345 972 498 1006 natura
525 963 631 1006 mire
654 972 886 1020 promptus,
908 961 1094 1020 alioquin
1115 976 1169 1003 ex
1191 961 1352 1018 judicio
1373 960 1428 1003 ad
1457 960 1616 1003 delibe-

155 1053 352 1106 randum,
368 1054 467 1105 sive,
487 1062 538 1096 ut
555 1054 644 1111 ipse
662 1054 812 1096 maluit
831 1053 984 1105 dicere,
1007 1052 1354 1110 computandum,
1369 1051 1616 1110 propensior

157 1145 251 1189 fuit.
310 1145 470 1205 Animo
488 1155 658 1203 apertus
677 1161 726 1188 ac
756 1146 948 1203 simplex,
969 1145 1071 1188 alios
1091 1144 1328 1188 instruendi
1349 1144 1538 1202 cupidus,
1561 1143 1617 1186 ad

157 1245 384 1295 conceptus
401 1237 533 1280 animi
561 1237 861 1295 impertiendos
891 1237 1124 1280 facillimus.
1187 1237 1398 1280 Omnibus
1426 1235 1554 1278 comis
1574 1244 1617 1277 et

158 1337 414 1381 mansuetus,
435 1328 516 1371 nisi
535 1327 676 1371 forsan
697 1328 844 1371 novitii
860 1327 1004 1386 aliqui,
1027 1328 1188 1387 ingenii
1207 1327 1446 1371 ostentandi
1466 1326 1614 1384 gratia,

157 1419 316 1463 frivolis
335 1419 473 1477 ipsum
493 1401 794 1477 quaestionibus
814 1429 857 1461 et
871 1419 1028 1465 cavillis
1044 1428 1302 1477 torquerent.
1334 1418 1387 1460 In
1404 1417 1617 1460 neminem

914 1483 927 1501 Ι

159 1509 348 1554 invectus
367 1519 443 1562 est,
459 1510 540 1553 nisi
560 1511 634 1569 qui
653 1511 763 1554 laesit
781 1511 909 1568 prius.
974 1511 1156 1553 Suarum
1176 1510 1350 1569 quidem
1369 1509 1617 1567 opinionum

55 1602 67 1651 ,ζ
159 1601 241 1645 fi1it
260 1601 447 1645 tenacior
464 1601 603 1660 paulo.

219 1693 446 1752 Ingenium
479 1702 628 1736 nactus
661 1701 724 1736 est
755 1693 811 1736 ad
839 1693 981 1736 omnia
1010 1702 1171 1745 natum,
1203 1703 1331 1752 atque
1360 1692 1615 1743 institutum,

51 1774 54 1779 ⁴
104 1791 106 1793 ’
162 1784 366 1843 quicquid
385 1794 638 1836 occurreret,
655 1785 883 1842 perspicaci
907 1784 1069 1842 judicio
1098 1784 1420 1827 animadvertit:
1452 1784 1618 1827 animus

131 1933 134 1937 ι
161 1874 223 1919 illi
241 1874 448 1919 indefesse
467 1875 802 1934 cogitabundus:
835 1876 1073 1934 cuicunque
1093 1891 1136 1919 se
1155 1876 1320 1919 addixit
1349 1877 1550 1928 materiae,
1573 1876 1618 1917 in

161 1981 213 2010 ea
226 1966 554 2025 pertinacissime
566 1976 754 2010 versatus
769 1978 844 2010 est.
878 1967 1054 2010 Illorum
1070 1968 1281 2026 ignaviam
1297 1968 1526 2011 detestatus
1541 1977 1616 2020 est,

163 2058 250 2118 qui,
285 2074 398 2103 caeca
427 2059 676 2103 credulitate
699 2059 795 2103 solis
814 2060 999 2118 partium
1019 2075 1190 2102 suarum
1210 2061 1425 2118 principiis
1445 2061 1616 2112 astricti,

162 2165 250 2194 non
261 2150 458 2194 lubenter
472 2150 615 2194 ferunt
625 2150 727 2194 alios
742 2151 851 2194 ultra
862 2166 1060 2203 carceres,
1072 2152 1225 2209 quibus
1237 2152 1316 2208 ipsi
1332 2152 1616 2204 continentur,

162 2240 346 2300 prodire,
385 2250 430 2285 et
453 2257 608 2285 arcana
636 2257 779 2285 rerum
810 2243 1008 2301 mysteria
1033 2243 1307 2300 penetrando,
1344 2243 1618 2301 philosophiae

162 2330 316 2375 limites
333 2347 578 2391 propagare.

223 2423 371 2468 Lectio
390 2425 480 2482 ejus
499 2439 576 2482 pro
597 2434 714 2468 tanto
742 2426 877 2469 aetatis
906 2426 1085 2469 decursu
1105 2441 1191 2469 non
1213 2442 1393 2485 magna3
1423 2427 1619 2471 authores

164 2515 358 2558 versabat
390 2530 561 2574 paucos,
598 2516 673 2560 sed
703 2526 844 2560 tamen
881 2518 1072 2575 optimos.
1135 2518 1361 2570 Homerus,
1399 2518 1617 2577 Virgilius,

168 2605 452 2665 Thucydides,
470 2606 680 2660 Euclides,
697 2608 759 2650 illi
774 2609 819 2651 in
834 2609 992 2652 deliciis
1007 2619 1140 2653 erant.
1173 2610 1397 2668 Ingentem
1413 2611 1619 2654 librorum

166 2697 478 2756 supellectilem,
515 2713 599 2756 qua
633 2700 883 2757 superbiunt
915 2701 1197 2753 bibliothecae,
1224 2717 1310 2744 non
1331 2703 1475 2760 magni
1506 2703 1616 2755 fecit,

167 2805 264 2834 cum
284 2789 479 2832 mortales
507 2789 756 2850 plerumque
785 2808 985 2850 pecorum
1014 2793 1100 2835 ritu
1129 2793 1470 2837 antecedentium
1499 2795 1620 2838 insis-

167 2888 303 2923 tentes
333 2880 530 2938 vestigiis,
565 2881 638 2924 vix
671 2892 792 2926 extra
824 2883 944 2927 tritas
979 2883 1102 2926 calles
1137 2893 1180 2926 et
1216 2885 1382 2928 semitas
1417 2887 1472 2930 ab
1507 2887 1619 2944 ipsis,

167 2986 349 3030 quorum
398 2973 543 3017 tutelae
583 2984 625 3016 et
663 2975 858 3032 regimini
907 2976 1098 3028 subsunt,
1147 2977 1404 3033 praestitutas
1454 2979 1620 3037 evagari
