<?xml version="1.0" encoding="UTF-8"?>
<!DOCTYPE html PUBLIC "-//W3C//DTD XHTML 1.0 Transitional//EN"
    "http://www.w3.org/TR/xhtml1/DTD/xhtml1-transitional.dtd">
<html xmlns="http://www.w3.org/1999/xhtml" xml:lang="en" lang="en">
 <head>
  <title>
</title>
<meta http-equiv="Content-Type" content="text/html;charset=utf-8" />
  <meta name='ocr-system' content='tesseract 3.04.00' />
  <meta name='ocr-capabilities' content='ocr_page ocr_carea ocr_par ocr_line ocrx_word'/>
</head>
<body>
  <div class='ocr_page' id='page_1' title='image "./operaphilosophic01hobbuoft_0529.png"; bbox 0 0 1910 3256; ppageno 0'>
   <div class='ocr_carea' id='block_1_1' title="bbox 360 225 1510 278">
    <p class='ocr_par' dir='ltr' id='par_1_1' title="bbox 360 225 1510 278">
     <span class='ocr_line' id='line_1_1' title="bbox 360 225 1510 278; baseline 0.002 -12"><span class='ocrx_word' id='word_1_1' title='bbox 360 234 431 266; x_wconf 82' lang='lat' dir='ltr'><strong>DE</strong></span> <span class='ocrx_word' id='word_1_2' title='bbox 461 234 622 278; x_wconf 88' lang='lat' dir='ltr'><strong>SONO,</strong></span> <span class='ocrx_word' id='word_1_3' title='bbox 649 234 854 277; x_wconf 72' lang='lat' dir='ltr'><strong>ononss,</strong></span> <span class='ocrx_word' id='word_1_4' title='bbox 882 233 1112 277; x_wconf 82' lang='lat' dir='ltr'><strong>SAPORE,</strong></span> <span class='ocrx_word' id='word_1_5' title='bbox 1139 234 1255 267; x_wconf 74' lang='lat' dir='ltr'><strong>E&#39;rc.</strong></span> <span class='ocrx_word' id='word_1_6' title='bbox 1416 225 1510 268; x_wconf 88' lang='grc'><strong>405</strong></span> 
     </span>
    </p>
   </div>
   <div class='ocr_carea' id='block_1_2' title="bbox 123 343 1759 425">
    <p class='ocr_par' dir='ltr' id='par_1_2' title="bbox 123 343 1759 425">
     <span class='ocr_line' id='line_1_2' title="bbox 123 343 1759 425; baseline 0.002 -35"><span class='ocrx_word' id='word_1_7' title='bbox 123 343 474 407; x_wconf 88' lang='lat' dir='ltr'><strong>explosionem,</strong></span> <span class='ocrx_word' id='word_1_8' title='bbox 516 346 603 394; x_wconf 91' lang='lat' dir='ltr'><strong>sed</strong></span> <span class='ocrx_word' id='word_1_9' title='bbox 643 362 731 409; x_wconf 86' lang='lat' dir='ltr'><strong>per</strong></span> <span class='ocrx_word' id='word_1_10' title='bbox 773 345 1117 394; x_wconf 85' lang='lat' dir='ltr'><strong>attractionem</strong></span> <span class='ocrx_word' id='word_1_11' title='bbox 1154 345 1205 392; x_wconf 93' lang='lat' dir='ltr'><strong>in</strong></span> <span class='ocrx_word' id='word_1_12' title='bbox 1239 345 1512 408; x_wconf 83' lang='lat' dir='ltr'><strong>pulmones,</strong></span> <span class='ocrx_word' id='word_1_13' title='bbox 1564 349 1681 425; x_wconf 56' lang='grc' dir='ltr'><strong>ΡΑῙὲξ</strong></span> <span class='ocrx_word' id='word_1_14' title='bbox 1699 350 1759 381; x_wconf 77' lang='lat' dir='ltr'><strong>W·</strong></span> 
     </span>
    </p>
   </div>
   <div class='ocr_carea' id='block_1_3' title="bbox 49 419 1799 782">
    <p class='ocr_par' dir='ltr' id='par_1_3' title="bbox 49 419 1799 782">
     <span class='ocr_line' id='line_1_3' title="bbox 123 419 1759 486; baseline 0.002 -20"><span class='ocrx_word' id='word_1_15' title='bbox 123 419 299 467; x_wconf 86' lang='lat' dir='ltr'><strong>exilem</strong></span> <span class='ocrx_word' id='word_1_16' title='bbox 322 421 551 481; x_wconf 91' lang='lat' dir='ltr'><strong>reddunt,</strong></span> <span class='ocrx_word' id='word_1_17' title='bbox 577 438 686 486; x_wconf 87' lang='lat' dir='ltr'><strong>quae</strong></span> <span class='ocrx_word' id='word_1_18' title='bbox 710 422 783 480; x_wconf 90' lang='lat' dir='ltr'><strong>iis,</strong></span> <span class='ocrx_word' id='word_1_19' title='bbox 822 421 905 484; x_wconf 92' lang='lat' dir='ltr'><strong>qui</strong></span> <span class='ocrx_word' id='word_1_20' title='bbox 928 437 1087 484; x_wconf 90' lang='lat' dir='ltr'><strong>neque</strong></span> <span class='ocrx_word' id='word_1_21' title='bbox 1109 420 1372 468; x_wconf 88' lang='lat' dir='ltr'><strong>artificium</strong></span> <span class='ocrx_word' id='word_1_22' title='bbox 1409 437 1514 469; x_wconf 91' lang='lat' dir='ltr'><strong>sus-</strong></span> <span class='ocrx_word' id='word_1_23' title='bbox 1569 441 1759 464; x_wconf 53' lang='lat'><strong>⁴-—*—2</strong></span> 
     </span>
     <span class='ocr_line' id='line_1_4' title="bbox 121 495 1511 561; baseline 0.001 -18"><span class='ocrx_word' id='word_1_24' title='bbox 121 495 349 559; x_wconf 87' lang='lat' dir='ltr'><strong>picantur</strong></span> <span class='ocrx_word' id='word_1_25' title='bbox 371 514 532 560; x_wconf 90' lang='lat' dir='ltr'><strong>neque</strong></span> <span class='ocrx_word' id='word_1_26' title='bbox 560 498 804 561; x_wconf 90' lang='lat' dir='ltr'><strong>loquentis</strong></span> <span class='ocrx_word' id='word_1_27' title='bbox 840 504 1070 545; x_wconf 89' lang='lat' dir='ltr'><strong>conatum</strong></span> <span class='ocrx_word' id='word_1_28' title='bbox 1101 496 1511 556; x_wconf 88' lang='lat' dir='ltr'><strong>animadvertunt,</strong></span> 
     </span>
     <span class='ocr_line' id='line_1_5' title="bbox 123 570 1512 638; baseline 0.001 -19"><span class='ocrx_word' id='word_1_29' title='bbox 123 570 373 621; x_wconf 89' lang='lat' dir='ltr'><strong>debilitate</strong></span> <span class='ocrx_word' id='word_1_30' title='bbox 415 590 503 622; x_wconf 89' lang='lat' dir='ltr'><strong>sua</strong></span> <span class='ocrx_word' id='word_1_31' title='bbox 538 573 763 638; x_wconf 86' lang='lat' dir='ltr'><strong>imponit,</strong></span> <span class='ocrx_word' id='word_1_32' title='bbox 809 590 899 638; x_wconf 91' lang='lat' dir='ltr'><strong>pro</strong></span> <span class='ocrx_word' id='word_1_33' title='bbox 938 573 1086 621; x_wconf 91' lang='lat' dir='ltr'><strong>debili</strong></span> <span class='ocrx_word' id='word_1_34' title='bbox 1127 588 1367 637; x_wconf 88' lang='lat' dir='ltr'><strong>apparens</strong></span> <span class='ocrx_word' id='word_1_35' title='bbox 1404 573 1512 620; x_wconf 92' lang='lat' dir='ltr'><strong>lon-</strong></span> 
     </span>
     <span class='ocr_line' id='line_1_6' title="bbox 121 646 322 711; baseline 0.005 -16"><span class='ocrx_word' id='word_1_36' title='bbox 121 646 322 711; x_wconf 84' lang='lat' dir='ltr'><strong>ginqua.</strong></span> 
     </span>
     <span class='ocr_line' id='line_1_7' title="bbox 49 723 1799 782; baseline -0.002 -7"><span class='ocrx_word' id='word_1_37' title='bbox 49 736 51 741; x_wconf 83' lang='lat'>&#39;</span> <span class='ocrx_word' id='word_1_38' title='bbox 133 769 140 775; x_wconf 88' lang='lat'><strong><em>.</em></strong></span> <span class='ocrx_word' id='word_1_39' title='bbox 196 729 270 772; x_wconf 90' lang='grc'><strong>10.</strong></span> <span class='ocrx_word' id='word_1_40' title='bbox 308 723 457 773; x_wconf 76' lang='lat' dir='ltr'><strong>Quod</strong></span> <span class='ocrx_word' id='word_1_41' title='bbox 479 724 655 772; x_wconf 84' lang='lat' dir='ltr'><strong>attinet</strong></span> <span class='ocrx_word' id='word_1_42' title='bbox 685 724 748 772; x_wconf 93' lang='lat' dir='ltr'><strong>ad</strong></span> <span class='ocrx_word' id='word_1_43' title='bbox 779 724 1009 773; x_wconf 85' lang='lat' dir='ltr'><strong>audiendi</strong></span> <span class='ocrx_word' id='word_1_44' title='bbox 1042 723 1275 782; x_wconf 90' lang='lat' dir='ltr'><strong>medium,</strong></span> <span class='ocrx_word' id='word_1_45' title='bbox 1310 739 1412 771; x_wconf 86' lang='lat' dir='ltr'><strong>non</strong></span> <span class='ocrx_word' id='word_1_46' title='bbox 1436 732 1512 772; x_wconf 91' lang='lat' dir='ltr'><strong>est</strong></span> <span class='ocrx_word' id='word_1_47' title='bbox 1532 723 1604 755; x_wconf 60' lang='grc' dir='ltr'><strong>ΝΜ</strong></span> <span class='ocrx_word' id='word_1_48' title='bbox 1622 723 1708 754; x_wconf 78' lang='lat'><strong>⁵⁰¹¹²⁸</strong></span> <span class='ocrx_word' id='word_1_49' title='bbox 1731 733 1799 763; x_wconf 77' lang='lat' dir='ltr'><strong>aer,</strong></span> 
     </span>
    </p>
   </div>
   <div class='ocr_carea' id='block_1_4' title="bbox 1529 767 1798 807">
    <p class='ocr_par' dir='ltr' id='par_1_4' title="bbox 1529 767 1798 807">
     <span class='ocr_line' id='line_1_8' title="bbox 1529 767 1798 807; baseline 0.004 -10"><span class='ocrx_word' id='word_1_50' title='bbox 1529 767 1585 798; x_wconf 86' lang='lat' dir='ltr'><strong>sed</strong></span> <span class='ocrx_word' id='word_1_51' title='bbox 1597 767 1798 807; x_wconf 86' lang='lat' dir='ltr'><strong>quantumli-</strong></span> 
     </span>
    </p>
   </div>
   <div class='ocr_carea' id='block_1_5' title="bbox 53 798 1797 938">
    <p class='ocr_par' dir='ltr' id='par_1_5' title="bbox 53 798 1797 938">
     <span class='ocr_line' id='line_1_9' title="bbox 53 798 1797 864; baseline 0.002 -17"><span class='ocrx_word' id='word_1_52' title='bbox 53 835 56 842; x_wconf 88' lang='lat'>.</span> <span class='ocrx_word' id='word_1_53' title='bbox 122 798 340 860; x_wconf 85' lang='lat' dir='ltr'><strong>medium</strong></span> <span class='ocrx_word' id='word_1_54' title='bbox 371 815 460 848; x_wconf 83' lang='lat' dir='ltr'><strong>aer</strong></span> <span class='ocrx_word' id='word_1_55' title='bbox 503 807 712 856; x_wconf 90' lang='lat' dir='ltr'><strong>tantum,</strong></span> <span class='ocrx_word' id='word_1_56' title='bbox 749 817 866 849; x_wconf 90' lang='lat' dir='ltr'><strong>nam</strong></span> <span class='ocrx_word' id='word_1_57' title='bbox 903 808 954 849; x_wconf 89' lang='lat' dir='ltr'><strong>et</strong></span> <span class='ocrx_word' id='word_1_58' title='bbox 993 817 1135 864; x_wconf 91' lang='lat' dir='ltr'><strong>aqua,</strong></span> <span class='ocrx_word' id='word_1_59' title='bbox 1177 808 1227 848; x_wconf 90' lang='lat' dir='ltr'><strong>et</strong></span> <span class='ocrx_word' id='word_1_60' title='bbox 1261 800 1513 863; x_wconf 76' lang='lat' dir='ltr'><strong>quodlibet</strong></span> <span class='ocrx_word' id='word_1_61' title='bbox 1530 811 1582 842; x_wconf 87' lang='lat' dir='ltr'><strong>bet</strong></span> <span class='ocrx_word' id='word_1_62' title='bbox 1595 811 1674 841; x_wconf 81' lang='lat' dir='ltr'><strong>dura</strong></span> <span class='ocrx_word' id='word_1_63' title='bbox 1686 821 1797 851; x_wconf 77' lang='lat' dir='ltr'><strong>corpo-</strong></span> 
     </span>
     <span class='ocr_line' id='line_1_10' title="bbox 122 854 1793 938; baseline 0.004 -15"><span class='ocrx_word' id='word_1_64' title='bbox 122 874 255 923; x_wconf 79' lang='lat' dir='ltr'><strong>aliud</strong></span> <span class='ocrx_word' id='word_1_65' title='bbox 277 891 456 938; x_wconf 89' lang='lat' dir='ltr'><strong>corpus</strong></span> <span class='ocrx_word' id='word_1_66' title='bbox 490 876 640 924; x_wconf 88' lang='lat' dir='ltr'><strong>etiam</strong></span> <span class='ocrx_word' id='word_1_67' title='bbox 676 877 1005 936; x_wconf 90' lang='lat' dir='ltr'><strong>durissimum,</strong></span> <span class='ocrx_word' id='word_1_68' title='bbox 1041 875 1272 925; x_wconf 90' lang='lat' dir='ltr'><strong>audiendi</strong></span> <span class='ocrx_word' id='word_1_69' title='bbox 1295 876 1512 924; x_wconf 89' lang='lat' dir='ltr'><strong>medium</strong></span> <span class='ocrx_word' id='word_1_70' title='bbox 1530 864 1712 929; x_wconf 46' lang='lat' dir='ltr'><strong>{graffum</strong></span> <span class='ocrx_word' id='word_1_71' title='bbox 1737 854 1793 886; x_wconf 49' lang='lat' dir='ltr'><strong>de*</strong></span> 
     </span>
    </p>
   </div>
   <div class='ocr_carea' id='block_1_6' title="bbox 122 952 1510 1016">
    <p class='ocr_par' dir='ltr' id='par_1_6' title="bbox 122 952 1510 1016">
     <span class='ocr_line' id='line_1_11' title="bbox 122 952 1510 1016; baseline 0.001 -18"><span class='ocrx_word' id='word_1_72' title='bbox 122 966 228 999; x_wconf 82' lang='lat' dir='ltr'><strong>esse</strong></span> <span class='ocrx_word' id='word_1_73' title='bbox 263 958 441 1014; x_wconf 88' lang='lat' dir='ltr'><strong>potest.</strong></span> <span class='ocrx_word' id='word_1_74' title='bbox 511 952 570 999; x_wconf 90' lang='lat' dir='ltr'><strong>In</strong></span> <span class='ocrx_word' id='word_1_75' title='bbox 606 953 824 1016; x_wconf 87' lang='lat' dir='ltr'><strong>quolibet</strong></span> <span class='ocrx_word' id='word_1_76' title='bbox 856 953 986 1000; x_wconf 91' lang='lat' dir='ltr'><strong>enim</strong></span> <span class='ocrx_word' id='word_1_77' title='bbox 1018 968 1224 1016; x_wconf 88' lang='lat' dir='ltr'><strong>corpore</strong></span> <span class='ocrx_word' id='word_1_78' title='bbox 1259 952 1510 1011; x_wconf 84' lang='lat' dir='ltr'><strong>continuo,</strong></span> 
     </span>
    </p>
   </div>
   <div class='ocr_carea' id='block_1_7' title="bbox 44 1022 1512 1092">
    <p class='ocr_par' dir='ltr' id='par_1_7' title="bbox 44 1022 1512 1092">
     <span class='ocr_line' id='line_1_12' title="bbox 44 1022 1512 1092; baseline -0.001 -15"><span class='ocrx_word' id='word_1_79' title='bbox 44 1022 46 1062; x_wconf 63' lang='lat'><strong>¹,</strong></span> <span class='ocrx_word' id='word_1_80' title='bbox 121 1028 285 1078; x_wconf 78' lang='lat' dir='ltr'><strong>motus</strong></span> <span class='ocrx_word' id='word_1_81' title='bbox 306 1035 610 1090; x_wconf 79' lang='lat' dir='ltr'><strong>propagatur</strong></span> <span class='ocrx_word' id='word_1_82' title='bbox 633 1028 684 1074; x_wconf 91' lang='lat' dir='ltr'><strong>in</strong></span> <span class='ocrx_word' id='word_1_83' title='bbox 707 1035 1026 1092; x_wconf 88' lang='lat' dir='ltr'><strong>perpetuum;</strong></span> <span class='ocrx_word' id='word_1_84' title='bbox 1052 1028 1141 1076; x_wconf 91' lang='lat' dir='ltr'><strong>sed</strong></span> <span class='ocrx_word' id='word_1_85' title='bbox 1161 1035 1364 1092; x_wconf 90' lang='lat' dir='ltr'><strong>propter</strong></span> <span class='ocrx_word' id='word_1_86' title='bbox 1387 1028 1512 1076; x_wconf 87' lang='lat' dir='ltr'><strong>diffi-</strong></span> 
     </span>
    </p>
   </div>
   <div class='ocr_carea' id='block_1_8' title="bbox 13 0 71 1323">
    <p class='ocr_par' dir='ltr' id='par_1_8' title="bbox 13 0 71 1323">
     <span class='ocr_line' id='line_1_13' title="bbox 13 0 71 1323; baseline 0 0"><span class='ocrx_word' id='word_1_87' title='bbox 13 0 71 1323; x_wconf 95' lang='lat' dir='ltr'><strong> </strong></span> 
     </span>
    </p>
   </div>
   <div class='ocr_carea' id='block_1_9' title="bbox 24 1102 1515 1244">
    <p class='ocr_par' dir='ltr' id='par_1_9' title="bbox 24 1102 1515 1244">
     <span class='ocr_line' id='line_1_14' title="bbox 35 1102 1514 1168; baseline -0.001 -15"><span class='ocrx_word' id='word_1_88' title='bbox 35 1150 40 1161; x_wconf 21' lang='grc' dir='ltr'><strong>,Ᾰ</strong></span> <span class='ocrx_word' id='word_1_89' title='bbox 122 1102 357 1151; x_wconf 87' lang='lat' dir='ltr'><strong>cultatem</strong></span> <span class='ocrx_word' id='word_1_90' title='bbox 376 1103 605 1151; x_wconf 88' lang='lat' dir='ltr'><strong>movendi</strong></span> <span class='ocrx_word' id='word_1_91' title='bbox 627 1111 792 1167; x_wconf 90' lang='lat' dir='ltr'><strong>partes</strong></span> <span class='ocrx_word' id='word_1_92' title='bbox 816 1120 1077 1168; x_wconf 86' lang='lat' dir='ltr'><strong>corporum</strong></span> <span class='ocrx_word' id='word_1_93' title='bbox 1102 1104 1352 1162; x_wconf 88' lang='lat' dir='ltr'><strong>durorum,</strong></span> <span class='ocrx_word' id='word_1_94' title='bbox 1376 1104 1433 1152; x_wconf 93' lang='lat' dir='ltr'><strong>fit</strong></span> <span class='ocrx_word' id='word_1_95' title='bbox 1454 1112 1514 1152; x_wconf 90' lang='lat' dir='ltr'><strong>ut</strong></span> 
     </span>
     <span class='ocr_line' id='line_1_15' title="bbox 24 1178 1515 1244; baseline -0.002 -13"><span class='ocrx_word' id='word_1_96' title='bbox 24 1180 47 1235; x_wconf 76' lang='grc' dir='ltr'><strong>’ζ</strong></span> <span class='ocrx_word' id='word_1_97' title='bbox 121 1178 174 1231; x_wconf 83' lang='lat' dir='ltr'><strong>in</strong></span> <span class='ocrx_word' id='word_1_98' title='bbox 210 1179 344 1227; x_wconf 85' lang='lat' dir='ltr'><strong>exitu</strong></span> <span class='ocrx_word' id='word_1_99' title='bbox 384 1195 411 1226; x_wconf 86' lang='lat' dir='ltr'><strong>e</strong></span> <span class='ocrx_word' id='word_1_100' title='bbox 448 1180 654 1228; x_wconf 91' lang='lat' dir='ltr'><strong>materia</strong></span> <span class='ocrx_word' id='word_1_101' title='bbox 684 1180 821 1236; x_wconf 92' lang='lat' dir='ltr'><strong>dura,</strong></span> <span class='ocrx_word' id='word_1_102' title='bbox 863 1188 1024 1228; x_wconf 92' lang='lat' dir='ltr'><strong>motus</strong></span> <span class='ocrx_word' id='word_1_103' title='bbox 1065 1180 1375 1244; x_wconf 87' lang='lat' dir='ltr'><strong>imprimatur</strong></span> <span class='ocrx_word' id='word_1_104' title='bbox 1412 1181 1515 1228; x_wconf 88' lang='lat' dir='ltr'><strong>aeri</strong></span> 
     </span>
    </p>
   </div>
   <div class='ocr_carea' id='block_1_10' title="bbox 26 1243 1515 1471">
    <p class='ocr_par' dir='ltr' id='par_1_10' title="bbox 26 1243 1515 1471">
     <span class='ocr_line' id='line_1_16' title="bbox 26 1243 1515 1320; baseline 0.001 -17"><span class='ocrx_word' id='word_1_105' title='bbox 26 1243 47 1298; x_wconf 59' lang='lat' dir='ltr'><strong>‘fl</strong></span> <span class='ocrx_word' id='word_1_106' title='bbox 122 1254 463 1304; x_wconf 83' lang='lat' dir='ltr'><strong>debilissimus.</strong></span> <span class='ocrx_word' id='word_1_107' title='bbox 532 1256 782 1315; x_wconf 87' lang='lat' dir='ltr'><strong>Attamen,</strong></span> <span class='ocrx_word' id='word_1_108' title='bbox 826 1256 866 1304; x_wconf 90' lang='lat' dir='ltr'><strong>si</strong></span> <span class='ocrx_word' id='word_1_109' title='bbox 905 1256 1110 1320; x_wconf 88' lang='lat' dir='ltr'><strong>alicujus</strong></span> <span class='ocrx_word' id='word_1_110' title='bbox 1144 1256 1298 1304; x_wconf 91' lang='lat' dir='ltr'><strong>trabis</strong></span> <span class='ocrx_word' id='word_1_111' title='bbox 1332 1256 1515 1320; x_wconf 86' lang='lat' dir='ltr'><strong>longis-</strong></span> 
     </span>
     <span class='ocr_line' id='line_1_17' title="bbox 51 1330 1515 1395; baseline 0.001 -16"><span class='ocrx_word' id='word_1_112' title='bbox 51 1330 54 1336; x_wconf 82' lang='lat'>&#39;</span> <span class='ocrx_word' id='word_1_113' title='bbox 122 1331 275 1390; x_wconf 82' lang='lat' dir='ltr'><strong>simae,</strong></span> <span class='ocrx_word' id='word_1_114' title='bbox 317 1331 462 1379; x_wconf 90' lang='lat' dir='ltr'><strong>simul</strong></span> <span class='ocrx_word' id='word_1_115' title='bbox 499 1338 549 1379; x_wconf 91' lang='lat' dir='ltr'><strong>et</strong></span> <span class='ocrx_word' id='word_1_116' title='bbox 566 1331 872 1389; x_wconf 62' lang='lat' dir='ltr'><strong>durissimae,</strong></span> <span class='ocrx_word' id='word_1_117' title='bbox 910 1332 1033 1380; x_wconf 88' lang='lat' dir='ltr'><strong>alter</strong></span> <span class='ocrx_word' id='word_1_118' title='bbox 1068 1332 1304 1380; x_wconf 88' lang='lat' dir='ltr'><strong>terminus</strong></span> <span class='ocrx_word' id='word_1_119' title='bbox 1339 1348 1515 1395; x_wconf 89' lang='lat' dir='ltr'><strong>percu-</strong></span> 
     </span>
     <span class='ocr_line' id='line_1_18' title="bbox 32 1403 1515 1471; baseline 0 -16"><span class='ocrx_word' id='word_1_120' title='bbox 32 1403 66 1435; x_wconf 34' lang='grc' dir='ltr'><em>Υ</em></span> <span class='ocrx_word' id='word_1_121' title='bbox 121 1407 295 1469; x_wconf 76' lang='lat' dir='ltr'><strong>tiatur,</strong></span> <span class='ocrx_word' id='word_1_122' title='bbox 327 1414 378 1455; x_wconf 90' lang='lat' dir='ltr'><strong>et</strong></span> <span class='ocrx_word' id='word_1_123' title='bbox 422 1407 483 1455; x_wconf 88' lang='lat' dir='ltr'><strong>ad</strong></span> <span class='ocrx_word' id='word_1_124' title='bbox 527 1408 805 1471; x_wconf 89' lang='lat' dir='ltr'><strong>oppositum</strong></span> <span class='ocrx_word' id='word_1_125' title='bbox 851 1408 1118 1456; x_wconf 88' lang='lat' dir='ltr'><strong>terminum</strong></span> <span class='ocrx_word' id='word_1_126' title='bbox 1162 1408 1407 1471; x_wconf 91' lang='lat' dir='ltr'><strong>applicata</strong></span> <span class='ocrx_word' id='word_1_127' title='bbox 1452 1408 1515 1456; x_wconf 91' lang='lat' dir='ltr'><strong>sit</strong></span> 
     </span>
    </p>
   </div>
   <div class='ocr_carea' id='block_1_11' title="bbox 121 1483 1516 1852">
    <p class='ocr_par' dir='ltr' id='par_1_11' title="bbox 121 1483 1516 1852">
     <span class='ocr_line' id='line_1_19' title="bbox 122 1483 1515 1547; baseline 0.001 -17"><span class='ocrx_word' id='word_1_128' title='bbox 122 1483 270 1542; x_wconf 87' lang='lat' dir='ltr'><strong>auris,</strong></span> <span class='ocrx_word' id='word_1_129' title='bbox 310 1483 382 1531; x_wconf 88' lang='lat' dir='ltr'><strong>ita</strong></span> <span class='ocrx_word' id='word_1_130' title='bbox 420 1490 476 1531; x_wconf 93' lang='lat' dir='ltr'><strong>ut</strong></span> <span class='ocrx_word' id='word_1_131' title='bbox 511 1484 745 1547; x_wconf 90' lang='lat' dir='ltr'><strong>quicquid</strong></span> <span class='ocrx_word' id='word_1_132' title='bbox 782 1484 909 1532; x_wconf 91' lang='lat' dir='ltr'><strong>aeris</strong></span> <span class='ocrx_word' id='word_1_133' title='bbox 951 1485 1013 1531; x_wconf 90' lang='lat' dir='ltr'><strong>ab</strong></span> <span class='ocrx_word' id='word_1_134' title='bbox 1048 1484 1242 1532; x_wconf 91' lang='lat' dir='ltr'><strong>actione</strong></span> <span class='ocrx_word' id='word_1_135' title='bbox 1275 1484 1429 1532; x_wconf 87' lang='lat' dir='ltr'><strong>trabis</strong></span> <span class='ocrx_word' id='word_1_136' title='bbox 1463 1484 1515 1532; x_wconf 89' lang='lat' dir='ltr'><strong>in</strong></span> 
     </span>
     <span class='ocr_line' id='line_1_20' title="bbox 123 1559 1516 1624; baseline -0.001 -16"><span class='ocrx_word' id='word_1_137' title='bbox 123 1559 260 1611; x_wconf 82' lang='lat' dir='ltr'><strong>exitu</strong></span> <span class='ocrx_word' id='word_1_138' title='bbox 282 1560 610 1615; x_wconf 88' lang='lat' dir='ltr'><strong>concutiatur,</strong></span> <span class='ocrx_word' id='word_1_139' title='bbox 650 1561 701 1608; x_wconf 92' lang='lat' dir='ltr'><strong>id</strong></span> <span class='ocrx_word' id='word_1_140' title='bbox 737 1568 912 1608; x_wconf 54' lang='lat' dir='ltr'><strong>totum*</strong></span> <span class='ocrx_word' id='word_1_141' title='bbox 932 1569 1192 1624; x_wconf 88' lang='lat' dir='ltr'><strong>exceptum</strong></span> <span class='ocrx_word' id='word_1_142' title='bbox 1226 1561 1286 1608; x_wconf 92' lang='lat' dir='ltr'><strong>ab</strong></span> <span class='ocrx_word' id='word_1_143' title='bbox 1311 1576 1428 1608; x_wconf 88' lang='lat' dir='ltr'><strong>aure</strong></span> <span class='ocrx_word' id='word_1_144' title='bbox 1452 1559 1516 1608; x_wconf 92' lang='lat' dir='ltr'><strong>ad</strong></span> 
     </span>
     <span class='ocr_line' id='line_1_21' title="bbox 121 1636 1429 1700; baseline -0.001 -16"><span class='ocrx_word' id='word_1_145' title='bbox 121 1643 410 1700; x_wconf 84' lang='lat' dir='ltr'><strong>tympanum</strong></span> <span class='ocrx_word' id='word_1_146' title='bbox 432 1636 633 1697; x_wconf 84' lang='lat' dir='ltr'><strong>feratur,</strong></span> <span class='ocrx_word' id='word_1_147' title='bbox 659 1653 806 1684; x_wconf 88' lang='lat' dir='ltr'><strong>sonus</strong></span> <span class='ocrx_word' id='word_1_148' title='bbox 830 1637 948 1685; x_wconf 90' lang='lat' dir='ltr'><strong>satis</strong></span> <span class='ocrx_word' id='word_1_149' title='bbox 971 1636 1161 1684; x_wconf 90' lang='lat' dir='ltr'><strong>vividus</strong></span> <span class='ocrx_word' id='word_1_150' title='bbox 1185 1636 1429 1684; x_wconf 85' lang='lat' dir='ltr'><strong>audietur.</strong></span> 
     </span>
     <span class='ocr_line' id='line_1_22' title="bbox 192 1712 1516 1775; baseline -0.001 -15"><span class='ocrx_word' id='word_1_151' title='bbox 192 1712 427 1760; x_wconf 89' lang='lat' dir='ltr'><strong>Similiter</strong></span> <span class='ocrx_word' id='word_1_152' title='bbox 463 1720 630 1771; x_wconf 90' lang='lat' dir='ltr'><strong>noctu,</strong></span> <span class='ocrx_word' id='word_1_153' title='bbox 668 1713 721 1761; x_wconf 93' lang='lat' dir='ltr'><strong>id</strong></span> <span class='ocrx_word' id='word_1_154' title='bbox 758 1720 848 1771; x_wconf 90' lang='lat' dir='ltr'><strong>est,</strong></span> <span class='ocrx_word' id='word_1_155' title='bbox 888 1713 1022 1760; x_wconf 94' lang='lat' dir='ltr'><strong>omni</strong></span> <span class='ocrx_word' id='word_1_156' title='bbox 1050 1713 1145 1760; x_wconf 93' lang='lat' dir='ltr'><strong>alio</strong></span> <span class='ocrx_word' id='word_1_157' title='bbox 1171 1713 1394 1775; x_wconf 89' lang='lat' dir='ltr'><strong>strepitu,</strong></span> <span class='ocrx_word' id='word_1_158' title='bbox 1432 1712 1516 1774; x_wconf 89' lang='lat' dir='ltr'><strong>qui</strong></span> 
     </span>
     <span class='ocr_line' id='line_1_23' title="bbox 123 1788 1516 1852; baseline -0.001 -16"><span class='ocrx_word' id='word_1_159' title='bbox 123 1804 296 1837; x_wconf 88' lang='lat' dir='ltr'><strong>sonum</strong></span> <span class='ocrx_word' id='word_1_160' title='bbox 337 1788 575 1852; x_wconf 91' lang='lat' dir='ltr'><strong>impedire</strong></span> <span class='ocrx_word' id='word_1_161' title='bbox 619 1789 792 1852; x_wconf 90' lang='lat' dir='ltr'><strong>possit,</strong></span> <span class='ocrx_word' id='word_1_162' title='bbox 836 1796 1072 1847; x_wconf 88' lang='lat' dir='ltr'><strong>cessante,</strong></span> <span class='ocrx_word' id='word_1_163' title='bbox 1111 1789 1152 1836; x_wconf 92' lang='lat' dir='ltr'><strong>si</strong></span> <span class='ocrx_word' id='word_1_164' title='bbox 1198 1789 1306 1852; x_wconf 90' lang='lat' dir='ltr'><strong>quis</strong></span> <span class='ocrx_word' id='word_1_165' title='bbox 1347 1804 1516 1836; x_wconf 90' lang='lat' dir='ltr'><strong>aurem</strong></span> 
     </span>
    </p>
   </div>
   <div class='ocr_carea' id='block_1_12' title="bbox 42 1854 1518 1929">
    <p class='ocr_par' dir='ltr' id='par_1_12' title="bbox 42 1854 1518 1929">
     <span class='ocr_line' id='line_1_24' title="bbox 42 1854 1518 1929; baseline -0.001 -16"><span class='ocrx_word' id='word_1_166' title='bbox 42 1854 45 1858; x_wconf 18' lang='grc' dir='ltr'><em>Α</em></span> <span class='ocrx_word' id='word_1_167' title='bbox 121 1871 266 1913; x_wconf 89' lang='lat' dir='ltr'><strong>terrae</strong></span> <span class='ocrx_word' id='word_1_168' title='bbox 305 1865 532 1929; x_wconf 90' lang='lat' dir='ltr'><strong>applicet,</strong></span> <span class='ocrx_word' id='word_1_169' title='bbox 574 1865 764 1914; x_wconf 89' lang='lat' dir='ltr'><strong>audibit</strong></span> <span class='ocrx_word' id='word_1_170' title='bbox 797 1866 1012 1914; x_wconf 89' lang='lat' dir='ltr'><strong>sonitum</strong></span> <span class='ocrx_word' id='word_1_171' title='bbox 1046 1865 1228 1929; x_wconf 86' lang='lat' dir='ltr'><strong>pedum</strong></span> <span class='ocrx_word' id='word_1_172' title='bbox 1261 1864 1518 1912; x_wconf 91' lang='lat' dir='ltr'><strong>hominum</strong></span> 
     </span>
    </p>
   </div>
   <div class='ocr_carea' id='block_1_13' title="bbox 100 1941 1780 2843">
    <p class='ocr_par' dir='ltr' id='par_1_13' title="bbox 121 1941 1518 2235">
     <span class='ocr_line' id='line_1_25' title="bbox 121 1941 1517 2005; baseline -0.001 -16"><span class='ocrx_word' id='word_1_173' title='bbox 121 1941 649 2005; x_wconf 64' lang='lat' dir='ltr'><strong>praetergredientium,</strong></span> <span class='ocrx_word' id='word_1_174' title='bbox 674 1942 822 2005; x_wconf 91' lang='lat' dir='ltr'><strong>idque</strong></span> <span class='ocrx_word' id='word_1_175' title='bbox 846 1942 911 1990; x_wconf 91' lang='lat' dir='ltr'><strong>ad</strong></span> <span class='ocrx_word' id='word_1_176' title='bbox 932 1941 1215 1990; x_wconf 87' lang='lat' dir='ltr'><strong>distantiam</strong></span> <span class='ocrx_word' id='word_1_177' title='bbox 1239 1941 1355 1988; x_wconf 90' lang='lat' dir='ltr'><strong>satis</strong></span> <span class='ocrx_word' id='word_1_178' title='bbox 1380 1956 1517 2003; x_wconf 86' lang='lat' dir='ltr'><strong>mag-</strong></span> 
     </span>
     <span class='ocr_line' id='line_1_26' title="bbox 122 2016 1518 2081; baseline -0.002 -15"><span class='ocrx_word' id='word_1_179' title='bbox 122 2033 254 2077; x_wconf 87' lang='lat' dir='ltr'><strong>nam,</strong></span> <span class='ocrx_word' id='word_1_180' title='bbox 292 2018 408 2081; x_wconf 89' lang='lat' dir='ltr'><strong>quia</strong></span> <span class='ocrx_word' id='word_1_181' title='bbox 450 2025 630 2076; x_wconf 91' lang='lat' dir='ltr'><strong>motus,</strong></span> <span class='ocrx_word' id='word_1_182' title='bbox 670 2034 816 2081; x_wconf 89' lang='lat' dir='ltr'><strong>quem</strong></span> <span class='ocrx_word' id='word_1_183' title='bbox 852 2017 1003 2081; x_wconf 90' lang='lat' dir='ltr'><strong>pedes</strong></span> <span class='ocrx_word' id='word_1_184' title='bbox 1043 2025 1188 2064; x_wconf 87' lang='lat' dir='ltr'><strong>terrae</strong></span> <span class='ocrx_word' id='word_1_185' title='bbox 1229 2016 1518 2079; x_wconf 89' lang='lat' dir='ltr'><strong>imprimunt</strong></span> 
     </span>
     <span class='ocr_line' id='line_1_27' title="bbox 124 2093 1516 2157; baseline -0.002 -15"><span class='ocrx_word' id='word_1_186' title='bbox 124 2110 233 2142; x_wconf 87' lang='lat' dir='ltr'><strong>eam</strong></span> <span class='ocrx_word' id='word_1_187' title='bbox 275 2093 526 2152; x_wconf 87' lang='lat' dir='ltr'><strong>calcand0‚</strong></span> <span class='ocrx_word' id='word_1_188' title='bbox 573 2094 638 2142; x_wconf 91' lang='lat' dir='ltr'><strong>ad</strong></span> <span class='ocrx_word' id='word_1_189' title='bbox 683 2110 852 2142; x_wconf 91' lang='lat' dir='ltr'><strong>aurem</strong></span> <span class='ocrx_word' id='word_1_190' title='bbox 893 2101 1195 2157; x_wconf 81' lang='lat' dir='ltr'><strong>propagatur</strong></span> <span class='ocrx_word' id='word_1_191' title='bbox 1240 2108 1329 2156; x_wconf 91' lang='lat' dir='ltr'><strong>per</strong></span> <span class='ocrx_word' id='word_1_192' title='bbox 1370 2100 1516 2140; x_wconf 86' lang='lat' dir='ltr'><strong>terrae</strong></span> 
     </span>
     <span class='ocr_line' id='line_1_28' title="bbox 122 2171 1035 2235; baseline -0.001 -17"><span class='ocrx_word' id='word_1_193' title='bbox 122 2171 330 2235; x_wconf 89' lang='lat' dir='ltr'><strong>pedibus</strong></span> <span class='ocrx_word' id='word_1_194' title='bbox 352 2186 598 2233; x_wconf 89' lang='lat' dir='ltr'><strong>percussae</strong></span> <span class='ocrx_word' id='word_1_195' title='bbox 620 2177 784 2234; x_wconf 90' lang='lat' dir='ltr'><strong>partes</strong></span> <span class='ocrx_word' id='word_1_196' title='bbox 808 2185 1035 2218; x_wconf 90' lang='lat' dir='ltr'><strong>summas.</strong></span> 
     </span>
    </p>

    <p class='ocr_par' dir='ltr' id='par_1_14' title="bbox 123 2240 1780 2689">
     <span class='ocr_line' id='line_1_29' title="bbox 197 2240 1756 2315; baseline -0.003 -20"><span class='ocrx_word' id='word_1_197' title='bbox 197 2253 271 2295; x_wconf 92' lang='grc'><strong>11.</strong></span> <span class='ocrx_word' id='word_1_198' title='bbox 309 2247 480 2295; x_wconf 88' lang='lat' dir='ltr'><strong>Gravis</strong></span> <span class='ocrx_word' id='word_1_199' title='bbox 505 2255 555 2295; x_wconf 94' lang='lat' dir='ltr'><strong>et</strong></span> <span class='ocrx_word' id='word_1_200' title='bbox 577 2247 709 2295; x_wconf 87' lang='lat' dir='ltr'><strong>acuti</strong></span> <span class='ocrx_word' id='word_1_201' title='bbox 734 2246 1061 2295; x_wconf 90' lang='lat' dir='ltr'><strong>differentiam</strong></span> <span class='ocrx_word' id='word_1_202' title='bbox 1084 2245 1136 2292; x_wconf 90' lang='lat' dir='ltr'><strong>in</strong></span> <span class='ocrx_word' id='word_1_203' title='bbox 1160 2261 1217 2292; x_wconf 91' lang='lat' dir='ltr'><strong>eo</strong></span> <span class='ocrx_word' id='word_1_204' title='bbox 1251 2244 1518 2292; x_wconf 87' lang='lat' dir='ltr'><strong>consistere</strong></span> <span class='ocrx_word' id='word_1_205' title='bbox 1533 2240 1756 2315; x_wconf 42' lang='lat' dir='ltr'><strong>sszagfgtesson-</strong></span> 
     </span>
     <span class='ocr_line' id='line_1_30' title="bbox 124 2321 1780 2387; baseline -0.002 -16"><span class='ocrx_word' id='word_1_206' title='bbox 124 2339 273 2387; x_wconf 86' lang='lat' dir='ltr'><strong>supra</strong></span> <span class='ocrx_word' id='word_1_207' title='bbox 294 2322 614 2382; x_wconf 88' lang='lat' dir='ltr'><strong>ostendimus,</strong></span> <span class='ocrx_word' id='word_1_208' title='bbox 640 2322 774 2386; x_wconf 90' lang='lat' dir='ltr'><strong>quod</strong></span> <span class='ocrx_word' id='word_1_209' title='bbox 798 2328 980 2386; x_wconf 90' lang='lat' dir='ltr'><strong>quanto</strong></span> <span class='ocrx_word' id='word_1_210' title='bbox 1008 2321 1206 2369; x_wconf 85' lang='lat' dir='ltr'><strong>brevius</strong></span> <span class='ocrx_word' id='word_1_211' title='bbox 1227 2327 1300 2369; x_wconf 88' lang='lat' dir='ltr'><strong>est</strong></span> <span class='ocrx_word' id='word_1_212' title='bbox 1322 2328 1516 2384; x_wconf 89' lang='lat' dir='ltr'><strong>tempus</strong></span> <span class='ocrx_word' id='word_1_213' title='bbox 1533 2333 1646 2359; x_wconf 82' lang='lat' dir='ltr'><strong>centus</strong></span> <span class='ocrx_word' id='word_1_214' title='bbox 1668 2338 1780 2360; x_wconf 75' lang='lat' dir='ltr'><strong>causa·</strong></span> 
     </span>
     <span class='ocr_line' id='line_1_31' title="bbox 123 2398 1515 2461; baseline -0.004 -13"><span class='ocrx_word' id='word_1_215' title='bbox 123 2399 291 2448; x_wconf 88' lang='lat' dir='ltr'><strong>itionis</strong></span> <span class='ocrx_word' id='word_1_216' title='bbox 329 2405 379 2446; x_wconf 89' lang='lat' dir='ltr'><strong>et</strong></span> <span class='ocrx_word' id='word_1_217' title='bbox 417 2398 671 2446; x_wconf 90' lang='lat' dir='ltr'><strong>reditionis</strong></span> <span class='ocrx_word' id='word_1_218' title='bbox 715 2398 930 2461; x_wconf 90' lang='lat' dir='ltr'><strong>partium</strong></span> <span class='ocrx_word' id='word_1_219' title='bbox 974 2413 1329 2461; x_wconf 84' lang='lat' dir='ltr'><strong>percussarum,</strong></span> <span class='ocrx_word' id='word_1_220' title='bbox 1376 2403 1515 2444; x_wconf 91' lang='lat' dir='ltr'><strong>tanto</strong></span> 
     </span>
     <span class='ocr_line' id='line_1_32' title="bbox 123 2473 1517 2536; baseline -0.003 -12"><span class='ocrx_word' id='word_1_221' title='bbox 123 2491 270 2526; x_wconf 87' lang='lat' dir='ltr'><strong>sonus</strong></span> <span class='ocrx_word' id='word_1_222' title='bbox 293 2482 369 2523; x_wconf 92' lang='lat' dir='ltr'><strong>est</strong></span> <span class='ocrx_word' id='word_1_223' title='bbox 391 2474 596 2522; x_wconf 89' lang='lat' dir='ltr'><strong>acutior.</strong></span> <span class='ocrx_word' id='word_1_224' title='bbox 649 2474 848 2523; x_wconf 76' lang='lat' dir='ltr'><strong>Quanto</strong></span> <span class='ocrx_word' id='word_1_225' title='bbox 873 2481 1039 2521; x_wconf 89' lang='lat' dir='ltr'><strong>autem</strong></span> <span class='ocrx_word' id='word_1_226' title='bbox 1063 2473 1270 2521; x_wconf 89' lang='lat' dir='ltr'><strong>materia</strong></span> <span class='ocrx_word' id='word_1_227' title='bbox 1286 2488 1517 2536; x_wconf 88' lang='lat' dir='ltr'><strong>percussa</strong></span> 
     </span>
     <span class='ocr_line' id='line_1_33' title="bbox 123 2548 1515 2615; baseline -0.004 -14"><span class='ocrx_word' id='word_1_228' title='bbox 123 2551 207 2602; x_wconf 77' lang='lat' dir='ltr'><strong>vel.</strong></span> <span class='ocrx_word' id='word_1_229' title='bbox 238 2550 435 2615; x_wconf 84' lang='lat' dir='ltr'><strong>gravior</strong></span> <span class='ocrx_word' id='word_1_230' title='bbox 467 2558 540 2598; x_wconf 91' lang='lat' dir='ltr'><strong>est</strong></span> <span class='ocrx_word' id='word_1_231' title='bbox 583 2549 942 2614; x_wconf 83' lang='lat' dir='ltr'><strong>(magnitudine</strong></span> <span class='ocrx_word' id='word_1_232' title='bbox 989 2548 1182 2610; x_wconf 89' lang='lat' dir='ltr'><strong>eadem)</strong></span> <span class='ocrx_word' id='word_1_233' title='bbox 1232 2549 1309 2596; x_wconf 88' lang='lat' dir='ltr'><strong>vel</strong></span> <span class='ocrx_word' id='word_1_234' title='bbox 1353 2549 1515 2597; x_wconf 89' lang='lat' dir='ltr'><strong>minus</strong></span> 
     </span>
     <span class='ocr_line' id='line_1_34' title="bbox 123 2625 1516 2689; baseline -0.003 -13"><span class='ocrx_word' id='word_1_235' title='bbox 123 2635 281 2685; x_wconf 83' lang='lat' dir='ltr'><strong>tensa,</strong></span> <span class='ocrx_word' id='word_1_236' title='bbox 323 2634 463 2675; x_wconf 88' lang='lat' dir='ltr'><strong>tanto</strong></span> <span class='ocrx_word' id='word_1_237' title='bbox 502 2626 651 2674; x_wconf 90' lang='lat' dir='ltr'><strong>etiam</strong></span> <span class='ocrx_word' id='word_1_238' title='bbox 688 2626 785 2674; x_wconf 88' lang='lat' dir='ltr'><strong>itus</strong></span> <span class='ocrx_word' id='word_1_239' title='bbox 823 2626 1107 2689; x_wconf 88' lang='lat' dir='ltr'><strong>reditusque</strong></span> <span class='ocrx_word' id='word_1_240' title='bbox 1145 2625 1332 2673; x_wconf 83' lang='lat' dir='ltr'><strong>tardius</strong></span> <span class='ocrx_word' id='word_1_241' title='bbox 1355 2625 1516 2673; x_wconf 88' lang='lat' dir='ltr'><strong>absol-</strong></span> 
     </span>
    </p>

    <p class='ocr_par' dir='ltr' id='par_1_15' title="bbox 100 2696 1517 2843">
     <span class='ocr_line' id='line_1_35' title="bbox 100 2696 1517 2766; baseline -0.003 -14"><span class='ocrx_word' id='word_1_242' title='bbox 100 2696 101 2699; x_wconf 23' lang='lat'><em>*</em></span> <span class='ocrx_word' id='word_1_243' title='bbox 124 2711 324 2757; x_wconf 85' lang='lat' dir='ltr'><strong>vuntur.</strong></span> <span class='ocrx_word' id='word_1_244' title='bbox 393 2703 585 2766; x_wconf 89' lang='lat' dir='ltr'><strong>Itaque,</strong></span> <span class='ocrx_word' id='word_1_245' title='bbox 611 2702 801 2749; x_wconf 81' lang='lat' dir='ltr'><strong>caeteris</strong></span> <span class='ocrx_word' id='word_1_246' title='bbox 823 2701 1038 2765; x_wconf 79' lang='lat' dir='ltr'><strong>paribUS,</strong></span> <span class='ocrx_word' id='word_1_247' title='bbox 1063 2701 1292 2765; x_wconf 88' lang='lat' dir='ltr'><strong>graviora</strong></span> <span class='ocrx_word' id='word_1_248' title='bbox 1309 2717 1517 2765; x_wconf 89' lang='lat' dir='ltr'><strong>corpora</strong></span> 
     </span>
     <span class='ocr_line' id='line_1_36' title="bbox 114 2777 1516 2843; baseline -0.003 -14"><span class='ocrx_word' id='word_1_249' title='bbox 114 2778 179 2829; x_wconf 74' lang='lat' dir='ltr'><strong>vet</strong></span> <span class='ocrx_word' id='word_1_250' title='bbox 200 2779 357 2828; x_wconf 84' lang='lat' dir='ltr'><strong>laxius</strong></span> <span class='ocrx_word' id='word_1_251' title='bbox 392 2786 549 2836; x_wconf 89' lang='lat' dir='ltr'><strong>tensa,</strong></span> <span class='ocrx_word' id='word_1_252' title='bbox 593 2794 739 2841; x_wconf 89' lang='lat' dir='ltr'><strong>quam</strong></span> <span class='ocrx_word' id='word_1_253' title='bbox 777 2777 963 2826; x_wconf 90' lang='lat' dir='ltr'><strong>leviora</strong></span> <span class='ocrx_word' id='word_1_254' title='bbox 986 2785 1037 2825; x_wconf 89' lang='lat' dir='ltr'><strong>et</strong></span> <span class='ocrx_word' id='word_1_255' title='bbox 1059 2777 1216 2841; x_wconf 88' lang='lat' dir='ltr'><strong>magis</strong></span> <span class='ocrx_word' id='word_1_256' title='bbox 1239 2784 1381 2825; x_wconf 90' lang='lat' dir='ltr'><strong>tensa</strong></span> <span class='ocrx_word' id='word_1_257' title='bbox 1404 2793 1516 2843; x_wconf 87' lang='lat' dir='ltr'><strong>gra-</strong></span> 
     </span>
    </p>
   </div>
   <div class='ocr_carea' id='block_1_14' title="bbox 126 2854 764 2905">
    <p class='ocr_par' dir='ltr' id='par_1_16' title="bbox 126 2854 764 2905">
     <span class='ocr_line' id='line_1_37' title="bbox 126 2854 764 2905; baseline -0.005 -1"><span class='ocrx_word' id='word_1_258' title='bbox 126 2856 313 2905; x_wconf 89' lang='lat' dir='ltr'><strong>viorem</strong></span> <span class='ocrx_word' id='word_1_259' title='bbox 335 2854 551 2903; x_wconf 87' lang='lat' dir='ltr'><strong>reddunt</strong></span> <span class='ocrx_word' id='word_1_260' title='bbox 574 2870 764 2902; x_wconf 89' lang='lat' dir='ltr'><strong>sonum.</strong></span> 
     </span>
    </p>
   </div>
  </div>
 </body>
</html>
