1910 3256
187 391 302 422 PARS
323 391 378 421 [V.

259 435 314 464 30.

205 477 359 499 κ’-Υκμ

174 527 380 559 Quantalibet

174 570 275 600 moles
305 580 370 599 cor-

172 613 256 653 poris
265 617 417 653 aqua,etc.

160 1676 329 1708 Quomodo
344 1676 399 1706 fiat

159 1726 194 1749 ut
211 1730 227 1748 e
245 1729 317 1749 vase
331 1729 413 1758 aqua

157 1763 191 1793 in
205 1762 306 1792 altum
322 1762 394 1792 sub-

158 1806 222 1835 lata
247 1805 285 1834 ab
307 1815 378 1836 aere

157 1849 344 1889 expellatur.

431 265 527 307 420
992 276 1246 310 PHYSICA.

432 394 552 441 Dico
590 409 765 456 corpus
802 395 840 441 E
862 396 898 441 F
913 395 954 442 G
973 396 1019 442 H
1064 395 1409 442 descensurum
1448 411 1548 443 non
1593 411 1696 443 esse
1741 395 1806 444 ad

431 468 636 515 fundum
660 469 703 516 D
722 470 772 516 C.
845 470 967 516 Cum
992 470 1121 517 enim
1144 471 1348 517 materia
1371 471 1587 533 corporis
1611 470 1803 519 EFGH

433 543 592 590 minus
632 545 792 606 gravis
830 545 892 591 sit
938 561 1082 608 quam
1119 562 1259 608 aqua,
1307 546 1346 593 si
1391 553 1551 593 totum
1596 546 1807 609 spatium

435 626 575 665 extra
598 619 641 666 A
658 619 696 666 B
714 620 752 666 C
770 620 813 666 D
857 627 981 667 esset
1011 620 1211 682 plenum
1247 637 1402 684 aquae,
1434 637 1546 683 pars
1592 621 1809 684 corporis

434 693 624 740 EFGH
650 694 825 756 aliqua,
845 701 965 756 puta
987 695 1026 741 E
1042 696 1079 741 F
1098 695 1119 741 Ι
1137 696 1198 753 Κ,
1223 703 1411 744 extaret
1432 711 1578 758 supra
1600 711 1807 757 aquam3

435 777 484 816 et
513 769 704 831 pondus
735 786 890 832 aquae,
921 786 1066 832 quam
1102 779 1297 833 caperet
1337 771 1544 834 spatium
1579 771 1602 818 I
1621 771 1726 819 GH
1746 771 1808 829 K,

435 844 619 907 aequale
644 851 771 891 esset
799 845 1005 907 ponderi
1039 845 1188 892 totius
1225 846 1442 908 corporis
1473 847 1512 893 E
1535 846 1725 901 FGH;
1762 852 1811 893 et

432 919 636 981 proinde
662 920 703 967 G
719 921 766 966 H
806 936 905 967 non
942 928 1165 983 tangeret
1201 921 1407 968 fundum
1446 922 1490 969 D
1509 922 1562 969 C.
1632 921 1811 969 Utrum

433 1002 594 1041 autem
616 995 771 1042 latera
793 995 919 1042 vasis
943 995 1065 1042 dura
1088 996 1185 1043 sint
1208 1012 1270 1043 an
1289 996 1453 1051 fluida,
1482 996 1604 1043 nihil
1627 996 1811 1050 refert;

434 1069 702 1117 inserviunt
749 1070 879 1117 enim
936 1071 1238 1118 solummodo
1296 1070 1357 1118 ad
1415 1087 1591 1134 aquam
1645 1071 1812 1118 termi-

435 1145 663 1202 nandam,
687 1145 820 1206 quod
843 1161 981 1207 aeque
1004 1146 1060 1194 fit
1084 1146 1144 1192 ab
1171 1162 1297 1208 aqua
1321 1154 1371 1192 et
1394 1146 1453 1193 ab
1478 1146 1573 1193 alia
1595 1146 1813 1210 qualibet

436 1220 639 1267 materia
662 1221 972 1282 quantumvis
1005 1221 1154 1275 dura3
1190 1237 1304 1268 nam
1336 1228 1386 1268 θῖ
1417 1236 1558 1283 aqua,
1594 1237 1703 1284 quae
1738 1229 1813 1269 est

437 1302 574 1342 extra
589 1311 688 1352 vas,
714 1294 1066 1342 determinatur
1083 1295 1278 1352 alicubi,
1300 1303 1357 1342 ut
1375 1289 1576 1343 ulterius
1595 1295 1812 1344 diffluere

435 1387 534 1417 non
552 1371 719 1432 possit.
767 1371 966 1418 Extabit
989 1387 1105 1434 ergo
1128 1387 1240 1434 pars
1260 1371 1432 1418 EFIK
1457 1387 1603 1434 supra
1619 1387 1812 1434 aquam,

437 1446 584 1492 etiam
606 1446 657 1492 in
683 1461 793 1492 vase
816 1446 860 1493 A
875 1446 919 1493 D
936 1446 974 1493 C
991 1446 1030 1493 B
1063 1446 1354 1493 conclusam.
1425 1446 1672 1494 Innatabit
1696 1462 1812 1509 ergo

437 1536 614 1583 corpus
638 1521 677 1567 E
693 1522 730 1567 F
745 1521 787 1568 G
802 1522 850 1568 H
886 1521 938 1567 in
961 1537 1087 1583 aqua
1112 1521 1154 1568 A
1171 1521 1213 1568 G
1228 1520 1267 1568 C
1282 1521 1319 1567 F
1354 1521 1781 1585 quantulacunque
1799 1518 1810 1569 ‘:

437 1596 569 1658 quod
593 1604 697 1643 erat
722 1596 1170 1644 demonstrandum.
1808 1633 1812 1636 -

505 1676 551 1718 9.
589 1671 760 1734 Capite
791 1672 1021 1719 vicesimo
1054 1680 1204 1730 sexto,
1234 1672 1438 1719 articulo
1470 1679 1662 1735 quarto,
1697 1671 1815 1719 alla-'

439 1753 546 1792 tum
591 1754 663 1793 est
707 1746 771 1793 ad
814 1746 1117 1808 probandum
1158 1763 1380 1806 vacuum,
1428 1747 1814 1810 experimentum

440 1838 578 1884 aquae
634 1822 736 1869 vasi
793 1822 1007 1881 inclusae,
1055 1838 1178 1884 quae,
1233 1822 1347 1870 dato
1405 1838 1611 1885 superne
1665 1822 1812 1889 exitu,

440 1913 629 1944 sursum
670 1897 860 1960 ejicitur
904 1897 1044 1959 pulsa
1089 1897 1150 1944 ab
1197 1913 1321 1944 aere.
1394 1897 1641 1945 Quaeritur
1681 1913 1814 1960 ergo,

440 1973 669 2035 quoniam
707 1988 832 2034 aqua
871 1983 996 2019 aere'
1018 1973 1212 2035 gravior
1248 1979 1334 2031 est,
1360 1973 1602 2035 quomodo
1636 1972 1688 2019 id
1708 1971 1815 2018 fieri

439 2055 616 2110 potest.
664 2048 1010 2095 Consideretur
1033 2048 1152 2095 dicti
1175 2048 1346 2110 capitis
1370 2063 1528 2095 XXVI.
1552 2049 1711 2115 figura
1744 2062 1817 2094 se-

442 2123 616 2178 cunda,
642 2123 724 2170 ubi
748 2139 875 2185 aqua
896 2123 947 2169 in
963 2123 1172 2186 spatium
1195 2123 1232 2168 F
1247 2122 1289 2169 G
1304 2122 1343 2169 B
1366 2139 1545 2185 magna
1565 2123 1614 2170 vi
1636 2122 1817 2186 injecta

442 2206 546 2245 erat
567 2214 655 2261 per
679 2198 960 2260 syphonem.
1031 2198 1088 2244 In
1105 2213 1162 2244 ea
1182 2197 1460 2260 injectione,
1479 2213 1567 2260 per
1589 2197 1817 2261 injectam

442 2289 617 2335 aquam
636 2289 718 2320 aer
741 2273 870 2320 inter
893 2272 1121 2336 syphonis
1143 2272 1297 2319 latera
1320 2279 1370 2319 et
1389 2272 1632 2320 embolum
1648 2270 1818 2319 eadem

442 2349 490 2395 vi
523 2354 783 2410 penetrans
816 2362 843 2393 e
866 2363 979 2394 vase
1015 2347 1177 2405 exivit,
1204 2347 1290 2394 sed
1318 2363 1496 2410 purus:
1534 2346 1819 2410 corpuscula

443 2423 572 2471 enim
606 2422 689 2469 illa
724 2438 831 2484 quae
868 2422 968 2468 aeri
1002 2422 1297 2484 interspersa
1330 2437 1433 2469 esse
1457 2429 1506 2469 et
1537 2429 1672 2469 motu
1705 2421 1817 2469 sim-

443 2499 559 2562 plici
581 2497 765 2545 moveri
789 2504 901 2544 ante
926 2496 1282 2559 supposuimus,
1306 2512 1405 2543 una
1427 2513 1539 2544 cum
1562 2511 1673 2544 aere
1694 2511 1817 2559 puro

442 2581 701 2637 penetrare
726 2588 902 2635 aquam
920 2588 1019 2619 non
1036 2577 1316 2634 potuerunt.
1386 2571 1639 2619 Manentia
1657 2577 1819 2619 autem

443 2649 716 2697 necessario
752 2648 1000 2710 compulsa
1035 2653 1148 2694 sunt
1176 2646 1227 2693 in
1251 2646 1413 2694 locum
1436 2647 1709 2705 arctiorem,
1743 2646 1818 2694 ni-

444 2725 621 2772 mirum
643 2723 694 2770 in
719 2723 930 2785 spatium
954 2721 1084 2784 quod
1106 2728 1179 2768 est
1203 2736 1348 2783 supra
1370 2722 1408 2768 F
1423 2722 1479 2769 G.
1516 2722 1683 2769 Motus
1701 2737 1818 2784 ergo

445 2798 839 2862 corpusculorum
862 2798 1021 2844 minus
1044 2797 1299 2858 minusque
1323 2796 1463 2844 liberi
1487 2803 1644 2855 erunt,
1673 2802 1819 2859 prout

445 2876 598 2936 major
635 2890 774 2936 aquae
815 2873 954 2936 copia
991 2880 1063 2920 est
1104 2887 1211 2934 quae
1248 2872 1478 2935 injicitur.
1557 2872 1818 2935 Continget
