1910 3256
624 257 695 290 DE
723 254 1052 290 GRAVITATE.
1427 243 1523 285 425

138 380 299 429 neque
321 373 591 430 gustamus,
615 381 776 429 neque
799 364 1069 421 olfacimuS,
1088 377 1248 425 neque
1268 369 1526 425 tangentes
1581 363 1696 437 ΡΑξοὸ
1712 362 1767 395 W·

140 441 339 506 quidem
362 441 703 506 cognoscimus
727 456 832 489 esse
856 438 1072 502 aliquid?
1144 437 1422 485 Sentientes
1447 454 1527 486 ca-
1583 453 1772 476 κ-Ὗ-κ
1818 463 1826 482 2

138 516 296 565 lorem
317 533 419 565 non
443 517 543 564 aeri
566 517 880 580 imputamus,
905 514 993 562 sed
1010 513 1142 578 igni:
1180 520 1230 560 et
1248 513 1403 576 frigus
1426 529 1527 561 non
1545 499 1809 584 ξῗξοζξζζζζζζ

139 593 282 652 aeris,
314 592 401 641 sed
422 600 646 640 nostrum
670 599 772 647 est3
810 599 860 638 et
901 589 1167 638 sentientes
1190 595 1406 647 ventum,
1442 589 1528 637 ad-
1545 586 1807 661 ζιζῗωξῃΐζζξξζζι-

138 669 308 717 venire.
331 667 518 732 aliquid
539 675 785 731 putamus,
810 667 897 715 sed
918 682 1019 713 non
1043 664 1271 712 adfuisse..
1331 665 1526 712 Pondus
1545 684 1583 723 ⁸3¹
1600 673 1638 704 ab
1653 683 1724 704 aere
1747 672 1809 702 dis-

139 744 262 792 item
301 760 365 792 ne
402 760 542 807 aquae
583 743 783 806 quidem
819 743 872 790 in
909 757 1051 804 aqua,
1090 747 1140 788 et
1176 740 1331 788 multo
1367 740 1528 787 minus
1545 716 1766 758 unguendum.

140 819 266 868 aeris
306 819 359 867 in
391 835 504 868 aere
541 819 721 867 sentire
759 832 1034 882 possumus.
1118 816 1327 863 Ratione
1364 823 1530 863 autem

140 910 320 959 corpus
366 910 473 943 esse
518 893 716 958 aliquod
759 892 893 957 quod
937 907 1099 939 aerem
1144 891 1368 948 dicimus,
1415 907 1530 955 cog—

139 971 280 1019 nosci
302 977 481 1034 potest,
506 970 593 1018 sed
613 969 776 1028 unica,
801 968 1049 1026 nimirum,
1089 967 1204 1031 quia
1240 967 1344 1015 sine
1367 967 1530 1015 medio

140 1061 363 1110 corpore,
402 1062 610 1110 corpora
641 1045 814 1110 procul
836 1044 997 1108 posita
1035 1044 1087 1091 in
1125 1043 1342 1091 sensoria
1363 1050 1533 1091 nostra

140 1137 287 1185 agere
309 1138 411 1170 non
444 1122 651 1186 possint,
691 1136 850 1182 neque
886 1119 1086 1185 omnino
1125 1119 1414 1166 sentiremus
1438 1118 1534 1166 nisi

139 1197 388 1262 contigua.
458 1198 663 1245 Naturae
708 1212 826 1259 ergo
874 1211 1139 1258 corporeae,
1176 1195 1361 1257 absque
1383 1195 1532 1242 ratio-

139 1273 389 1322 cinatione
412 1274 472 1321 ab
497 1273 691 1331 effectu,
728 1272 818 1319 soli
841 1286 1008 1319 sensus
1044 1270 1210 1318 idonei
1246 1277 1394 1318 testes
1431 1287 1533 1319 non

140 1357 270 1398 sunt.

206 1426 295 1473 Est
317 1424 449 1472 enim
481 1424 533 1471 in
570 1423 839 1471 visceribus
863 1430 1025 1481 terrae,
1060 1422 1111 1469 in
1142 1423 1260 1470 locis
1297 1423 1382 1470 ubi
1415 1424 1533 1471 effo-

141 1501 346 1550 diuntur
392 1499 630 1547 carbones
677 1498 842 1556 terrei,
901 1506 1080 1545 natura
1124 1499 1364 1562 quaedam,
1424 1516 1532 1563 quae

139 1585 347 1641 propter
367 1575 569 1622 effectus
590 1574 827 1638 quosdam
850 1573 1006 1621 videri
1020 1581 1184 1637 potest
1206 1575 1335 1622 inter
1358 1592 1533 1638 aquam

141 1660 194 1700 et
217 1667 382 1700 aerem
400 1650 504 1699 fere
527 1650 690 1697 media
710 1671 721 1705 ;
759 1666 870 1712 quae
894 1650 1093 1713 quidem
1130 1667 1361 1699 sensuum
1385 1668 1534 1715 opera

140 1727 377 1791 distingui
400 1727 462 1774 ab
487 1742 600 1774 aere
636 1743 738 1778 non
772 1733 967 1789 potest3
1005 1743 1116 1774 cum
1153 1727 1450 1790 diaphanum
1470 1728 1534 1775 sit

141 1819 282 1867 aeque
305 1810 452 1866 atque
476 1817 560 1849 aer
582 1801 887 1865 purissimus,
913 1801 1181 1865 eademque
1205 1804 1534 1866 penetrationi

144 1878 308 1943 quoad
331 1894 530 1927 sensum
549 1893 687 1940 aeque
710 1877 894 1940 pervia.
931 1878 998 1925 At
1022 1877 1062 1925 si
1081 1879 1308 1926 effectum
1329 1887 1532 1942 spectes,

142 1955 314 2005 similis
350 1970 492 2018 aquae
530 1961 620 2002 est.
690 1954 898 2001 Puteum
939 1954 1086 2012 enim,
1124 1954 1256 2002 unde
1299 1956 1534 2003 carbones

141 2031 214 2080 illi
237 2029 553 2088 effodiuntur,
580 2029 782 2076 effluens
807 2045 833 2076 e
858 2037 991 2076 terra
1014 2030 1220 2078 materia
1252 2030 1335 2078 illa
1364 2031 1535 2095 implet

141 2115 230 2155 aut
246 2113 410 2155 totum
433 2112 519 2153 aut
542 2105 715 2152 saltem
739 2104 1076 2168 aliquousque,
1098 2113 1147 2153 et
1170 2106 1433 2155 demissum
1456 2108 1536 2156 vel

141 2181 394 2232 hominem
431 2180 508 2228 vel
547 2180 713 2244 ignem
750 2196 851 2228 non
892 2180 1049 2228 multo
1086 2181 1274 2230 minore
1314 2190 1535 2247 tempore

143 2257 405 2322 extinguit,
442 2273 590 2320 quam
613 2256 720 2319 ipsa
752 2272 892 2319 aqua.
965 2256 1064 2304 Sed
1092 2264 1148 2304 ut
1176 2258 1536 2320 phaenomenon

142 2335 239 2383 hoc
257 2333 432 2382 melius
457 2332 779 2396 concipiatur,
817 2332 1149 2380 describemus
1184 2334 1394 2397 figuram
1428 2351 1532 2384 sex-

142 2418 262 2459 tam.
332 2409 391 2457 In
416 2425 514 2472 qua
551 2408 616 2456 sit
653 2408 835 2456 fodinae
874 2409 1178 2457 carbonariae
1214 2418 1392 2473 puteus
1416 2413 1457 2458 A
1476 2412 1533 2471 B,

144 2493 549 2551 supponaturque
579 2500 693 2548 pars
718 2485 822 2547 ejus
855 2485 894 2532 C
913 2485 953 2532 B
984 2485 1071 2532 tali
1096 2487 1302 2534 materia
1331 2488 1533 2550 repleta.

146 2563 201 2611 Si
222 2561 511 2610 demittatur
530 2576 738 2608 accensa
761 2560 965 2608 candela
980 2577 1133 2624 usque
1151 2562 1279 2610 infra
1298 2563 1352 2621 C,
1373 2564 1534 2612 subito

145 2636 451 2701 extinguitur
496 2652 599 2684 non
645 2636 786 2683 aliter
833 2643 980 2700 atque
1022 2637 1072 2684 in
1115 2654 1257 2701 aqua.
1329 2640 1454 2687 Item
1495 2641 1535 2688 si

146 2713 472 2762 demittantur
496 2712 733 2760 carbones
771 2713 822 2760 in
867 2713 1102 2761 craticula
1133 2714 1291 2763 ferrea
1325 2718 1534 2775 accensi,

144 2799 202 2839 ut
222 2791 312 2838 fiat
336 2789 465 2853 ignis
498 2788 812 2852 quantumvis
841 2788 1046 2847 validus,
1072 2790 1237 2838 statim
1262 2799 1318 2838 ut
1340 2791 1536 2840 immer-

144 2874 330 2931 guntur
367 2863 497 2912 infra
538 2864 593 2923 C,
634 2863 900 2927 pallescere
943 2864 1199 2927 incipiunt,
1247 2883 1339 2914 nec
1379 2869 1536 2917 multo
