<?xml version="1.0" encoding="UTF-8"?>
<!DOCTYPE html PUBLIC "-//W3C//DTD XHTML 1.0 Transitional//EN"
    "http://www.w3.org/TR/xhtml1/DTD/xhtml1-transitional.dtd">
<html xmlns="http://www.w3.org/1999/xhtml" xml:lang="en" lang="en">
 <head>
  <title>
</title>
<meta http-equiv="Content-Type" content="text/html;charset=utf-8" />
  <meta name='ocr-system' content='tesseract 3.04.00' />
  <meta name='ocr-capabilities' content='ocr_page ocr_carea ocr_par ocr_line ocrx_word'/>
</head>
<body>
  <div class='ocr_page' id='page_1' title='image "./operaphilosophic01hobbuoft_0088.png"; bbox 0 0 1936 3262; ppageno 0'>
   <div class='ocr_carea' id='block_1_1' title="bbox 363 260 1412 303">
    <p class='ocr_par' dir='ltr' id='par_1_1' title="bbox 363 260 1412 303">
     <span class='ocr_line' id='line_1_1' title="bbox 363 260 1412 303; baseline 0.002 -2"><span class='ocrx_word' id='word_1_1' title='bbox 363 260 485 301; x_wconf 87' lang='lat' dir='ltr'>lxxvi</span> <span class='ocrx_word' id='word_1_2' title='bbox 736 273 848 302; x_wconf 82' lang='lat' dir='ltr'>VITAE</span> <span class='ocrx_word' id='word_1_3' title='bbox 871 274 1115 302; x_wconf 68' lang='lat' dir='ltr'>uonnnmae</span> <span class='ocrx_word' id='word_1_4' title='bbox 1136 274 1412 303; x_wconf 75' lang='lat' dir='ltr'>AUCTARIUM.</span> 
     </span>
    </p>
   </div>
   <div class='ocr_carea' id='block_1_2' title="bbox 358 381 1799 803">
    <p class='ocr_par' dir='ltr' id='par_1_2' title="bbox 358 381 1799 803">
     <span class='ocr_line' id='line_1_2' title="bbox 361 381 1798 445; baseline 0.004 -22"><span class='ocrx_word' id='word_1_5' title='bbox 361 383 479 424; x_wconf 91' lang='lat' dir='ltr'>cione</span> <span class='ocrx_word' id='word_1_6' title='bbox 500 381 666 425; x_wconf 86' lang='lat' dir='ltr'><strong>funebri</strong></span> <span class='ocrx_word' id='word_1_7' title='bbox 699 383 754 425; x_wconf 89' lang='lat' dir='ltr'>ad</span> <span class='ocrx_word' id='word_1_8' title='bbox 783 383 979 441; x_wconf 85' lang='lat' dir='ltr'>exequias</span> <span class='ocrx_word' id='word_1_9' title='bbox 1008 383 1180 445; x_wconf 83' lang='lat' dir='ltr'>Joannis</span> <span class='ocrx_word' id='word_1_10' title='bbox 1211 384 1387 427; x_wconf 89' lang='lat' dir='ltr'>Comitis</span> <span class='ocrx_word' id='word_1_11' title='bbox 1422 385 1640 436; x_wconf 85' lang='lat' dir='ltr'>Roffensis,</span> <span class='ocrx_word' id='word_1_12' title='bbox 1671 401 1798 444; x_wconf 83' lang='lat' dir='ltr'>quam</span> 
     </span>
     <span class='ocr_line' id='line_1_3' title="bbox 360 473 1799 527; baseline 0.003 -13"><span class='ocrx_word' id='word_1_13' title='bbox 360 473 496 515; x_wconf 81' lang='lat' dir='ltr'>emisit</span> <span class='ocrx_word' id='word_1_14' title='bbox 514 473 742 516; x_wconf 86' lang='lat' dir='ltr'><strong>Theatrum</strong></span> <span class='ocrx_word' id='word_1_15' title='bbox 757 474 1010 524; x_wconf 86' lang='lat' dir='ltr'>Oxoniense,</span> <span class='ocrx_word' id='word_1_16' title='bbox 1028 488 1139 516; x_wconf 85' lang='lat' dir='ltr'>anno</span> <span class='ocrx_word' id='word_1_17' title='bbox 1165 477 1284 527; x_wconf 88' lang='lat'>1680,</span> <span class='ocrx_word' id='word_1_18' title='bbox 1306 475 1397 518; x_wconf 88' lang='lat' dir='ltr'>haee</span> <span class='ocrx_word' id='word_1_19' title='bbox 1416 476 1567 519; x_wconf 87' lang='lat' dir='ltr'>refert:</span> <span class='ocrx_word' id='word_1_20' title='bbox 1591 475 1799 520; x_wconf 87' lang='lat' dir='ltr'>Comitem</span> 
     </span>
     <span class='ocr_line' id='line_1_4' title="bbox 361 563 1799 615; baseline 0.004 -12"><span class='ocrx_word' id='word_1_21' title='bbox 361 563 403 604; x_wconf 90' lang='lat' dir='ltr'>in</span> <span class='ocrx_word' id='word_1_22' title='bbox 440 564 636 606; x_wconf 81' lang='lat' dir='ltr'>extremis</span> <span class='ocrx_word' id='word_1_23' title='bbox 670 563 835 615; x_wconf 86' lang='lat' dir='ltr'>dixisse,</span> <span class='ocrx_word' id='word_1_24' title='bbox 872 570 899 590; x_wconf 89' lang='lat'><strong>“</strong></span> <span class='ocrx_word' id='word_1_25' title='bbox 922 564 1103 606; x_wconf 81' lang='lat' dir='ltr'>Stultam</span> <span class='ocrx_word' id='word_1_26' title='bbox 1134 564 1248 607; x_wconf 89' lang='lat' dir='ltr'>illam</span> <span class='ocrx_word' id='word_1_27' title='bbox 1285 576 1326 609; x_wconf 89' lang='lat' dir='ltr'>et</span> <span class='ocrx_word' id='word_1_28' title='bbox 1356 567 1579 609; x_wconf 86' lang='lat' dir='ltr'>absurdam</span> <span class='ocrx_word' id='word_1_29' title='bbox 1612 566 1799 609; x_wconf 88' lang='lat' dir='ltr'>Philoso-</span> 
     </span>
     <span class='ocr_line' id='line_1_5' title="bbox 358 652 1799 711; baseline 0.004 -18"><span class='ocrx_word' id='word_1_30' title='bbox 358 652 512 708; x_wconf 89' lang='lat' dir='ltr'>phiam,</span> <span class='ocrx_word' id='word_1_31' title='bbox 535 669 661 711; x_wconf 88' lang='lat' dir='ltr'>quam</span> <span class='ocrx_word' id='word_1_32' title='bbox 678 663 892 711; x_wconf 88' lang='lat' dir='ltr'>tantopere</span> <span class='ocrx_word' id='word_1_33' title='bbox 906 653 1136 696; x_wconf 85' lang='lat' dir='ltr'>admiratur</span> <span class='ocrx_word' id='word_1_34' title='bbox 1155 655 1350 708; x_wconf 88' lang='lat' dir='ltr'>mundus,</span> <span class='ocrx_word' id='word_1_35' title='bbox 1371 656 1615 699; x_wconf 86' lang='lat' dir='ltr'>authoribus</span> <span class='ocrx_word' id='word_1_36' title='bbox 1627 655 1799 699; x_wconf 88' lang='lat' dir='ltr'>Hobbio</span> 
     </span>
     <span class='ocr_line' id='line_1_6' title="bbox 358 743 1798 803; baseline 0.002 -18"><span class='ocrx_word' id='word_1_37' title='bbox 358 743 544 801; x_wconf 87' lang='lat' dir='ltr'>aliisque,</span> <span class='ocrx_word' id='word_1_38' title='bbox 573 759 616 786; x_wconf 91' lang='lat' dir='ltr'>se</span> <span class='ocrx_word' id='word_1_39' title='bbox 635 744 819 802; x_wconf 88' lang='lat' dir='ltr'>aliosque</span> <span class='ocrx_word' id='word_1_40' title='bbox 838 745 1007 802; x_wconf 84' lang='lat' dir='ltr'>optimae</span> <span class='ocrx_word' id='word_1_41' title='bbox 1038 744 1189 787; x_wconf 87' lang='lat' dir='ltr'>indolis</span> <span class='ocrx_word' id='word_1_42' title='bbox 1219 745 1272 788; x_wconf 88' lang='lat' dir='ltr'>de</span> <span class='ocrx_word' id='word_1_43' title='bbox 1300 756 1426 803; x_wconf 87' lang='lat' dir='ltr'>gente</span> <span class='ocrx_word' id='word_1_44' title='bbox 1459 756 1601 789; x_wconf 88' lang='lat' dir='ltr'>nostra</span> <span class='ocrx_word' id='word_1_45' title='bbox 1633 761 1798 803; x_wconf 88' lang='lat' dir='ltr'>pessum</span> 
     </span>
    </p>
   </div>
   <div class='ocr_carea' id='block_1_3' title="bbox 359 833 558 877">
    <p class='ocr_par' dir='ltr' id='par_1_3' title="bbox 359 833 558 877">
     <span class='ocr_line' id='line_1_7' title="bbox 359 833 558 877; baseline 0.015 -3"><span class='ocrx_word' id='word_1_46' title='bbox 359 833 558 877; x_wconf 88' lang='lat' dir='ltr'>dedisse.”</span> 
     </span>
    </p>
   </div>
   <div class='ocr_carea' id='block_1_4' title="bbox 358 926 1507 984">
    <p class='ocr_par' dir='ltr' id='par_1_4' title="bbox 358 926 1507 984">
     <span class='ocr_line' id='line_1_8' title="bbox 358 926 1507 984; baseline 0.002 -18"><span class='ocrx_word' id='word_1_47' title='bbox 358 926 594 968; x_wconf 72' lang='lat' dir='ltr'>Hobbianae</span> <span class='ocrx_word' id='word_1_48' title='bbox 609 929 846 975; x_wconf 73' lang='lat' dir='ltr'>corollaria,</span> <span class='ocrx_word' id='word_1_49' title='bbox 867 933 1030 969; x_wconf 80' lang='lat' dir='ltr'>statuat</span> <span class='ocrx_word' id='word_1_50' title='bbox 1043 942 1187 983; x_wconf 75' lang='lat' dir='ltr'>aequus</span> <span class='ocrx_word' id='word_1_51' title='bbox 1204 942 1346 970; x_wconf 80' lang='lat' dir='ltr'>rerum</span> <span class='ocrx_word' id='word_1_52' title='bbox 1355 930 1507 984; x_wconf 76' lang='lat' dir='ltr'>judex.</span> 
     </span>
    </p>
   </div>
   <div class='ocr_carea' id='block_1_5' title="bbox 730 838 1800 892">
    <p class='ocr_par' dir='ltr' id='par_1_5' title="bbox 730 838 1800 892">
     <span class='ocr_line' id='line_1_9' title="bbox 730 838 1800 892; baseline 0.002 -14"><span class='ocrx_word' id='word_1_53' title='bbox 730 838 797 878; x_wconf 76' lang='lat' dir='ltr'>An</span> <span class='ocrx_word' id='word_1_54' title='bbox 845 840 949 879; x_wconf 75' lang='lat' dir='ltr'>mali</span> <span class='ocrx_word' id='word_1_55' title='bbox 986 852 1118 879; x_wconf 81' lang='lat' dir='ltr'>mores</span> <span class='ocrx_word' id='word_1_56' title='bbox 1159 841 1346 892; x_wconf 73' lang='lat' dir='ltr'>yenuina</span> <span class='ocrx_word' id='word_1_57' title='bbox 1384 841 1470 881; x_wconf 71' lang='lat' dir='ltr'>sint</span> <span class='ocrx_word' id='word_1_58' title='bbox 1517 839 1800 892; x_wconf 58' lang='lat' dir='ltr'>Philosophiae</span> 
     </span>
    </p>
   </div>
   <div class='ocr_carea' id='block_1_6' title="bbox 560 860 727 868">
    <p class='ocr_par' dir='ltr' id='par_1_6' title="bbox 560 860 727 868">
     <span class='ocr_line' id='line_1_10' title="bbox 560 860 727 868; baseline 0 0"><span class='ocrx_word' id='word_1_59' title='bbox 560 860 727 868; x_wconf 95' lang='lat' dir='ltr'> </span> 
     </span>
    </p>
   </div>
   <div class='ocr_carea' id='block_1_7' title="bbox 357 1015 1795 1162">
    <p class='ocr_par' dir='ltr' id='par_1_7' title="bbox 357 1015 1795 1162">
     <span class='ocr_line' id='line_1_11' title="bbox 414 1015 1795 1073; baseline 0.002 -16"><span class='ocrx_word' id='word_1_60' title='bbox 414 1015 499 1057; x_wconf 90' lang='lat' dir='ltr'>Jos.</span> <span class='ocrx_word' id='word_1_61' title='bbox 534 1015 716 1067; x_wconf 86' lang='lat' dir='ltr'>Glanvil,</span> <span class='ocrx_word' id='word_1_62' title='bbox 745 1016 956 1058; x_wconf 87' lang='lat' dir='ltr'>Parochus</span> <span class='ocrx_word' id='word_1_63' title='bbox 985 1016 1289 1067; x_wconf 87' lang='lat' dir='ltr'>Bathoniensis,</span> <span class='ocrx_word' id='word_1_64' title='bbox 1309 1017 1353 1058; x_wconf 91' lang='lat' dir='ltr'>in</span> <span class='ocrx_word' id='word_1_65' title='bbox 1374 1019 1519 1073; x_wconf 75' lang='lat' dir='ltr'>Scepsi</span> <span class='ocrx_word' id='word_1_66' title='bbox 1539 1019 1795 1073; x_wconf 68' lang='lat' dir='ltr'>Scientffica,</span> 
     </span>
     <span class='ocr_line' id='line_1_12' title="bbox 357 1105 1795 1162; baseline 0.003 -15"><span class='ocrx_word' id='word_1_67' title='bbox 357 1110 440 1148; x_wconf 84' lang='lat' dir='ltr'>4t0.</span> <span class='ocrx_word' id='word_1_68' title='bbox 458 1106 594 1148; x_wconf 90' lang='lat' dir='ltr'>Lond.</span> <span class='ocrx_word' id='word_1_69' title='bbox 611 1109 734 1157; x_wconf 89' lang='grc'><strong>1665,</strong></span> <span class='ocrx_word' id='word_1_70' title='bbox 758 1105 906 1162; x_wconf 81' lang='lat' dir='ltr'>Ang].;</span> <span class='ocrx_word' id='word_1_71' title='bbox 934 1115 976 1147; x_wconf 89' lang='lat' dir='ltr'>et</span> <span class='ocrx_word' id='word_1_72' title='bbox 993 1108 1265 1162; x_wconf 75' lang='lat' dir='ltr'>Philosophia</span> <span class='ocrx_word' id='word_1_73' title='bbox 1289 1109 1387 1156; x_wconf 64' lang='lat' dir='ltr'>Pia,</span> <span class='ocrx_word' id='word_1_74' title='bbox 1405 1109 1496 1148; x_wconf 93' lang='lat' dir='ltr'>8vo.</span> <span class='ocrx_word' id='word_1_75' title='bbox 1515 1106 1653 1149; x_wconf 88' lang='lat' dir='ltr'>Lond.</span> <span class='ocrx_word' id='word_1_76' title='bbox 1673 1110 1795 1158; x_wconf 87' lang='grc'><strong>1671,</strong></span> 
     </span>
    </p>
   </div>
   <div class='ocr_carea' id='block_1_8' title="bbox 357 1195 1557 1252">
    <p class='ocr_par' dir='ltr' id='par_1_8' title="bbox 357 1195 1557 1252">
     <span class='ocr_line' id='line_1_13' title="bbox 357 1195 1557 1252; baseline 0.003 -16"><span class='ocrx_word' id='word_1_77' title='bbox 357 1195 547 1251; x_wconf 84' lang='lat' dir='ltr'>Anglice,</span> <span class='ocrx_word' id='word_1_78' title='bbox 570 1195 612 1237; x_wconf 90' lang='lat' dir='ltr'>in</span> <span class='ocrx_word' id='word_1_79' title='bbox 638 1195 946 1252; x_wconf 85' lang='lat' dir='ltr'>Philosophiam</span> <span class='ocrx_word' id='word_1_80' title='bbox 965 1196 1235 1238; x_wconf 90' lang='lat' dir='ltr'>Hobbianam</span> <span class='ocrx_word' id='word_1_81' title='bbox 1255 1196 1557 1240; x_wconf 87' lang='lat' dir='ltr'>animadvertit.</span> 
     </span>
    </p>
   </div>
   <div class='ocr_carea' id='block_1_9' title="bbox 992 1325 1160 1334">
    <p class='ocr_par' dir='ltr' id='par_1_9' title="bbox 992 1325 1160 1334">
     <span class='ocr_line' id='line_1_14' title="bbox 992 1325 1160 1334; baseline 0 0"><span class='ocrx_word' id='word_1_82' title='bbox 992 1325 1160 1334; x_wconf 95' lang='lat' dir='ltr'> </span> 
     </span>
    </p>
   </div>
   <div class='ocr_carea' id='block_1_10' title="bbox 458 1398 1691 1502">
    <p class='ocr_par' dir='ltr' id='par_1_10' title="bbox 458 1398 1691 1502">
     <span class='ocr_line' id='line_1_15' title="bbox 458 1398 1691 1443; baseline 0.002 -9"><span class='ocrx_word' id='word_1_83' title='bbox 458 1399 550 1440; x_wconf 86' lang='lat' dir='ltr'>QUI</span> <span class='ocrx_word' id='word_1_84' title='bbox 575 1398 763 1434; x_wconf 89' lang='grc' dir='ltr'><strong>ΗΟΒΒῙΙ</strong></span> <span class='ocrx_word' id='word_1_85' title='bbox 789 1398 1162 1443; x_wconf 87' lang='lat' dir='ltr'>MEMINERUNT,</span> <span class='ocrx_word' id='word_1_86' title='bbox 1187 1399 1281 1435; x_wconf 89' lang='lat' dir='ltr'>SEU</span> <span class='ocrx_word' id='word_1_87' title='bbox 1308 1400 1365 1435; x_wconf 93' lang='lat' dir='ltr'>IN</span> <span class='ocrx_word' id='word_1_88' title='bbox 1392 1401 1571 1437; x_wconf 92' lang='lat' dir='ltr'><strong>BONAM</strong></span> <span class='ocrx_word' id='word_1_89' title='bbox 1596 1401 1691 1438; x_wconf 89' lang='lat' dir='ltr'>SEU</span> 
     </span>
     <span class='ocr_line' id='line_1_16' title="bbox 756 1461 1388 1502; baseline 0.003 -6"><span class='ocrx_word' id='word_1_90' title='bbox 756 1461 814 1496; x_wconf 90' lang='lat' dir='ltr'>IN</span> <span class='ocrx_word' id='word_1_91' title='bbox 840 1461 1141 1502; x_wconf 84' lang='lat' dir='ltr'><strong>SEQUIOREM</strong></span> <span class='ocrx_word' id='word_1_92' title='bbox 1167 1462 1388 1498; x_wconf 86' lang='lat' dir='ltr'>PARTEM.</span> 
     </span>
    </p>
   </div>
   <div class='ocr_carea' id='block_1_11' title="bbox 348 1540 1794 2863">
    <p class='ocr_par' dir='ltr' id='par_1_11' title="bbox 358 1540 1792 1689">
     <span class='ocr_line' id='line_1_17' title="bbox 416 1540 1792 1599; baseline 0.003 -16"><span class='ocrx_word' id='word_1_93' title='bbox 416 1543 526 1583; x_wconf 88' lang='lat' dir='ltr'>Sam.</span> <span class='ocrx_word' id='word_1_94' title='bbox 562 1542 793 1591; x_wconf 89' lang='lat' dir='ltr'>Sorberius,</span> <span class='ocrx_word' id='word_1_95' title='bbox 828 1540 940 1585; x_wconf 91' lang='lat' dir='ltr'>MD.</span> <span class='ocrx_word' id='word_1_96' title='bbox 978 1541 1146 1584; x_wconf 86' lang='lat' dir='ltr'>Praefat.</span> <span class='ocrx_word' id='word_1_97' title='bbox 1177 1542 1221 1583; x_wconf 91' lang='lat' dir='ltr'>in</span> <span class='ocrx_word' id='word_1_98' title='bbox 1255 1545 1397 1599; x_wconf 83' lang='lat' dir='ltr'>Opera</span> <span class='ocrx_word' id='word_1_99' title='bbox 1431 1547 1649 1596; x_wconf 63' lang='lat' dir='ltr'>Gmssendi,</span> <span class='ocrx_word' id='word_1_100' title='bbox 1681 1545 1792 1596; x_wconf 85' lang='lat' dir='ltr'>folio,</span> 
     </span>
     <span class='ocr_line' id='line_1_18' title="bbox 358 1630 1553 1689; baseline 0.002 -16"><span class='ocrx_word' id='word_1_101' title='bbox 358 1632 496 1689; x_wconf 85' lang='lat' dir='ltr'>Lugd.</span> <span class='ocrx_word' id='word_1_102' title='bbox 523 1633 644 1676; x_wconf 86' lang='lat'>1657.</span> <span class='ocrx_word' id='word_1_103' title='bbox 702 1634 730 1657; x_wconf 74' lang='lat'>‘⁶</span> <span class='ocrx_word' id='word_1_104' title='bbox 752 1631 861 1673; x_wconf 92' lang='lat' dir='ltr'>Tho.</span> <span class='ocrx_word' id='word_1_105' title='bbox 883 1630 1080 1673; x_wconf 89' lang='lat' dir='ltr'>Hobbius</span> <span class='ocrx_word' id='word_1_106' title='bbox 1097 1632 1161 1673; x_wconf 90' lang='lat' dir='ltr'>vir</span> <span class='ocrx_word' id='word_1_107' title='bbox 1175 1642 1383 1675; x_wconf 76' lang='lat' dir='ltr'>emunctae</span> <span class='ocrx_word' id='word_1_108' title='bbox 1403 1633 1553 1675; x_wconf 86' lang='lat' dir='ltr'>naris.’&#39;</span> 
     </span>
    </p>

    <p class='ocr_par' dir='ltr' id='par_1_12' title="bbox 353 1720 1794 2126">
     <span class='ocr_line' id='line_1_19' title="bbox 414 1720 1794 1782; baseline 0.004 -19"><span class='ocrx_word' id='word_1_109' title='bbox 414 1722 546 1772; x_wconf 89' lang='lat' dir='ltr'>Idem,</span> <span class='ocrx_word' id='word_1_110' title='bbox 568 1721 670 1764; x_wconf 87' lang='lat' dir='ltr'>ibid.</span> <span class='ocrx_word' id='word_1_111' title='bbox 719 1727 745 1747; x_wconf 87' lang='lat'><strong>“</strong></span> <span class='ocrx_word' id='word_1_112' title='bbox 760 1721 938 1765; x_wconf 84' lang='lat' dir='ltr'>Thomas</span> <span class='ocrx_word' id='word_1_113' title='bbox 962 1720 1156 1764; x_wconf 89' lang='lat' dir='ltr'>Hobbius</span> <span class='ocrx_word' id='word_1_114' title='bbox 1178 1723 1394 1765; x_wconf 89' lang='lat' dir='ltr'>Gassendo</span> <span class='ocrx_word' id='word_1_115' title='bbox 1408 1724 1654 1776; x_wconf 86' lang='lat' dir='ltr'>carissimus,</span> <span class='ocrx_word' id='word_1_116' title='bbox 1675 1726 1794 1782; x_wconf 85' lang='lat' dir='ltr'>cujus</span> 
     </span>
     <span class='ocr_line' id='line_1_20' title="bbox 355 1811 1794 1871; baseline 0.004 -18"><span class='ocrx_word' id='word_1_117' title='bbox 355 1811 543 1854; x_wconf 87' lang='lat' dir='ltr'>libellum</span> <span class='ocrx_word' id='word_1_118' title='bbox 574 1815 643 1856; x_wconf 85' lang='lat' dir='ltr'>De</span> <span class='ocrx_word' id='word_1_119' title='bbox 677 1812 870 1868; x_wconf 80' lang='lat' dir='ltr'>Corpore,</span> <span class='ocrx_word' id='word_1_120' title='bbox 919 1812 1111 1854; x_wconf 83' lang='lat' dir='ltr'>manibus</span> <span class='ocrx_word' id='word_1_121' title='bbox 1149 1812 1304 1855; x_wconf 86' lang='lat' dir='ltr'>Prataei</span> <span class='ocrx_word' id='word_1_122' title='bbox 1337 1814 1481 1865; x_wconf 88' lang='lat' dir='ltr'>nostri,</span> <span class='ocrx_word' id='word_1_123' title='bbox 1522 1815 1664 1871; x_wconf 86' lang='lat' dir='ltr'>paucis</span> <span class='ocrx_word' id='word_1_124' title='bbox 1694 1827 1794 1859; x_wconf 86' lang='lat' dir='ltr'>ante</span> 
     </span>
     <span class='ocr_line' id='line_1_21' title="bbox 354 1902 1794 1962; baseline 0.003 -18"><span class='ocrx_word' id='word_1_125' title='bbox 354 1903 515 1944; x_wconf 91' lang='lat' dir='ltr'>obitum</span> <span class='ocrx_word' id='word_1_126' title='bbox 552 1902 765 1944; x_wconf 88' lang='lat' dir='ltr'>mensibus</span> <span class='ocrx_word' id='word_1_127' title='bbox 794 1902 1012 1958; x_wconf 86' lang='lat' dir='ltr'>accipiens,</span> <span class='ocrx_word' id='word_1_128' title='bbox 1041 1902 1248 1946; x_wconf 84' lang='lat' dir='ltr'>osculatus</span> <span class='ocrx_word' id='word_1_129' title='bbox 1274 1913 1362 1955; x_wconf 84' lang='lat' dir='ltr'>est3</span> <span class='ocrx_word' id='word_1_130' title='bbox 1392 1904 1662 1962; x_wconf 87' lang='lat' dir='ltr'>subjungens,</span> <span class='ocrx_word' id='word_1_131' title='bbox 1683 1907 1794 1950; x_wconf 91' lang='lat' dir='ltr'>mole</span> 
     </span>
     <span class='ocr_line' id='line_1_22' title="bbox 355 1992 1793 2051; baseline 0.004 -18"><span class='ocrx_word' id='word_1_132' title='bbox 355 1992 524 2050; x_wconf 89' lang='lat' dir='ltr'>quidem</span> <span class='ocrx_word' id='word_1_133' title='bbox 540 2007 690 2049; x_wconf 89' lang='lat' dir='ltr'>parvus</span> <span class='ocrx_word' id='word_1_134' title='bbox 710 2001 772 2034; x_wconf 88' lang='lat' dir='ltr'>est</span> <span class='ocrx_word' id='word_1_135' title='bbox 792 1993 868 2034; x_wconf 87' lang='lat' dir='ltr'>iste</span> <span class='ocrx_word' id='word_1_136' title='bbox 887 1992 1006 2044; x_wconf 91' lang='lat' dir='ltr'>liber,</span> <span class='ocrx_word' id='word_1_137' title='bbox 1029 2008 1174 2035; x_wconf 91' lang='lat' dir='ltr'>verum</span> <span class='ocrx_word' id='word_1_138' title='bbox 1196 2003 1318 2044; x_wconf 89' lang='lat' dir='ltr'>totus,</span> <span class='ocrx_word' id='word_1_139' title='bbox 1346 2004 1394 2036; x_wconf 90' lang='lat' dir='ltr'>ut</span> <span class='ocrx_word' id='word_1_140' title='bbox 1426 1994 1587 2051; x_wconf 89' lang='lat' dir='ltr'>opinor,</span> <span class='ocrx_word' id='word_1_141' title='bbox 1608 1996 1793 2039; x_wconf 89' lang='lat' dir='ltr'>medulla</span> 
     </span>
     <span class='ocr_line' id='line_1_23' title="bbox 353 2073 1475 2126; baseline 0.001 0"><span class='ocrx_word' id='word_1_142' title='bbox 353 2084 522 2126; x_wconf 88' lang='lat' dir='ltr'>scatet.&#39;’</span> <span class='ocrx_word' id='word_1_143' title='bbox 1470 2073 1475 2077; x_wconf 34' lang='lat'><strong>⁴</strong></span> 
     </span>
    </p>

    <p class='ocr_par' dir='ltr' id='par_1_13' title="bbox 350 2174 1791 2413">
     <span class='ocr_line' id='line_1_24' title="bbox 411 2174 1789 2229; baseline 0.003 -13"><span class='ocrx_word' id='word_1_144' title='bbox 411 2174 545 2225; x_wconf 88' lang='lat' dir='ltr'>Idem,</span> <span class='ocrx_word' id='word_1_145' title='bbox 580 2177 743 2218; x_wconf 77' lang='lat' dir='ltr'>Lettres</span> <span class='ocrx_word' id='word_1_146' title='bbox 761 2183 802 2219; x_wconf 82' lang='lat' dir='ltr'>et</span> <span class='ocrx_word' id='word_1_147' title='bbox 822 2179 1023 2220; x_wconf 78' lang='lat' dir='ltr'>Discours</span> <span class='ocrx_word' id='word_1_148' title='bbox 1042 2192 1117 2220; x_wconf 77' lang='lat' dir='ltr'>sur</span> <span class='ocrx_word' id='word_1_149' title='bbox 1135 2179 1313 2220; x_wconf 80' lang='lat' dir='ltr'>diverses</span> <span class='ocrx_word' id='word_1_150' title='bbox 1340 2180 1537 2220; x_wconf 61' lang='lat' dir='ltr'>mutieres</span> <span class='ocrx_word' id='word_1_151' title='bbox 1569 2182 1789 2229; x_wconf 74' lang='lat' dir='ltr'>ouriemes,</span> 
     </span>
     <span class='ocr_line' id='line_1_25' title="bbox 352 2265 1791 2323; baseline 0.002 -16"><span class='ocrx_word' id='word_1_152' title='bbox 352 2269 436 2308; x_wconf 86' lang='lat' dir='ltr'>4to.</span> <span class='ocrx_word' id='word_1_153' title='bbox 461 2265 593 2316; x_wconf 83' lang='lat' dir='ltr'>Paris,</span> <span class='ocrx_word' id='word_1_154' title='bbox 619 2268 742 2316; x_wconf 90' lang='lat'>1660,</span> <span class='ocrx_word' id='word_1_155' title='bbox 765 2265 818 2308; x_wconf 92' lang='lat' dir='ltr'>de</span> <span class='ocrx_word' id='word_1_156' title='bbox 846 2265 1031 2317; x_wconf 90' lang='lat' dir='ltr'>Hobbio,</span> <span class='ocrx_word' id='word_1_157' title='bbox 1054 2281 1079 2308; x_wconf 86' lang='lat' dir='ltr'>a</span> <span class='ocrx_word' id='word_1_158' title='bbox 1093 2281 1188 2323; x_wconf 88' lang='lat' dir='ltr'>pag.</span> <span class='ocrx_word' id='word_1_159' title='bbox 1205 2269 1287 2307; x_wconf 91' lang='lat'>212</span> <span class='ocrx_word' id='word_1_160' title='bbox 1308 2266 1363 2308; x_wconf 88' lang='lat' dir='ltr'>ad</span> <span class='ocrx_word' id='word_1_161' title='bbox 1379 2269 1475 2317; x_wconf 90' lang='lat'>232,</span> <span class='ocrx_word' id='word_1_162' title='bbox 1505 2276 1548 2309; x_wconf 88' lang='lat' dir='ltr'>et</span> <span class='ocrx_word' id='word_1_163' title='bbox 1566 2282 1606 2323; x_wconf 92' lang='lat' dir='ltr'>p.</span> <span class='ocrx_word' id='word_1_164' title='bbox 1628 2271 1726 2318; x_wconf 89' lang='lat'>342,</span> <span class='ocrx_word' id='word_1_165' title='bbox 1747 2277 1791 2310; x_wconf 86' lang='lat' dir='ltr'>et</span> 
     </span>
     <span class='ocr_line' id='line_1_26' title="bbox 350 2355 1757 2413; baseline 0.003 -16"><span class='ocrx_word' id='word_1_166' title='bbox 350 2371 375 2397; x_wconf 90' lang='lat' dir='ltr'>a</span> <span class='ocrx_word' id='word_1_167' title='bbox 394 2370 434 2412; x_wconf 91' lang='lat' dir='ltr'>p.</span> <span class='ocrx_word' id='word_1_168' title='bbox 457 2358 540 2399; x_wconf 82' lang='lat'>396</span> <span class='ocrx_word' id='word_1_169' title='bbox 561 2355 615 2398; x_wconf 89' lang='lat' dir='ltr'>ad</span> <span class='ocrx_word' id='word_1_170' title='bbox 631 2359 728 2406; x_wconf 87' lang='lat'>399,</span> <span class='ocrx_word' id='word_1_171' title='bbox 750 2366 793 2398; x_wconf 89' lang='lat' dir='ltr'>et</span> <span class='ocrx_word' id='word_1_172' title='bbox 811 2371 852 2413; x_wconf 89' lang='lat' dir='ltr'>p.</span> <span class='ocrx_word' id='word_1_173' title='bbox 875 2359 970 2407; x_wconf 91' lang='lat'>556,</span> <span class='ocrx_word' id='word_1_174' title='bbox 988 2366 1030 2398; x_wconf 91' lang='lat' dir='ltr'>et</span> <span class='ocrx_word' id='word_1_175' title='bbox 1049 2372 1089 2413; x_wconf 88' lang='lat' dir='ltr'>p.</span> <span class='ocrx_word' id='word_1_176' title='bbox 1113 2359 1209 2407; x_wconf 84' lang='lat'>631,</span> <span class='ocrx_word' id='word_1_177' title='bbox 1240 2359 1436 2412; x_wconf 60' lang='lat' dir='ltr'>Epistola</span> <span class='ocrx_word' id='word_1_178' title='bbox 1455 2360 1515 2400; x_wconf 82' lang='lat' dir='ltr'>ad</span> <span class='ocrx_word' id='word_1_179' title='bbox 1533 2359 1757 2401; x_wconf 76' lang='lat' dir='ltr'>Hobbium.</span> 
     </span>
    </p>

    <p class='ocr_par' dir='ltr' id='par_1_14' title="bbox 348 2446 1789 2863">
     <span class='ocr_line' id='line_1_27' title="bbox 409 2446 1789 2505; baseline 0.001 -17"><span class='ocrx_word' id='word_1_180' title='bbox 409 2447 540 2491; x_wconf 89' lang='lat' dir='ltr'>Idem.</span> <span class='ocrx_word' id='word_1_181' title='bbox 613 2451 770 2505; x_wconf 74' lang='lat' dir='ltr'>Voyaye</span> <span class='ocrx_word' id='word_1_182' title='bbox 805 2449 1105 2504; x_wconf 75' lang='lat' dir='ltr'>d&#39;Anyleterre,</span> <span class='ocrx_word' id='word_1_183' title='bbox 1145 2446 1291 2490; x_wconf 91' lang='lat' dir='ltr'>Colon.</span> <span class='ocrx_word' id='word_1_184' title='bbox 1327 2450 1461 2491; x_wconf 89' lang='lat' dir='ltr'>12mo.</span> <span class='ocrx_word' id='word_1_185' title='bbox 1500 2450 1622 2498; x_wconf 89' lang='lat'>1666,</span> <span class='ocrx_word' id='word_1_186' title='bbox 1648 2449 1789 2503; x_wconf 85' lang='lat' dir='ltr'>(antea</span> 
     </span>
     <span class='ocr_line' id='line_1_28' title="bbox 353 2535 1785 2593; baseline 0 -14"><span class='ocrx_word' id='word_1_187' title='bbox 353 2537 483 2579; x_wconf 87' lang='lat' dir='ltr'>Paris.</span> <span class='ocrx_word' id='word_1_188' title='bbox 506 2538 651 2591; x_wconf 87' lang='lat'>1664,)</span> <span class='ocrx_word' id='word_1_189' title='bbox 682 2552 722 2593; x_wconf 93' lang='lat' dir='ltr'>p.</span> <span class='ocrx_word' id='word_1_190' title='bbox 745 2540 784 2587; x_wconf 86' lang='lat'>3,</span> <span class='ocrx_word' id='word_1_191' title='bbox 819 2536 1062 2580; x_wconf 88' lang='lat' dir='ltr'>Londinum</span> <span class='ocrx_word' id='word_1_192' title='bbox 1082 2535 1318 2586; x_wconf 87' lang='lat' dir='ltr'>adveniens,</span> <span class='ocrx_word' id='word_1_193' title='bbox 1354 2536 1573 2579; x_wconf 89' lang='lat' dir='ltr'>Hobbium</span> <span class='ocrx_word' id='word_1_194' title='bbox 1604 2546 1785 2579; x_wconf 87' lang='lat' dir='ltr'>veterem</span> 
     </span>
     <span class='ocr_line' id='line_1_29' title="bbox 349 2626 1788 2684; baseline 0 -16"><span class='ocrx_word' id='word_1_195' title='bbox 349 2628 528 2669; x_wconf 85' lang='lat' dir='ltr'>amicum</span> <span class='ocrx_word' id='word_1_196' title='bbox 561 2628 728 2670; x_wconf 87' lang='lat' dir='ltr'>honoris</span> <span class='ocrx_word' id='word_1_197' title='bbox 749 2628 883 2684; x_wconf 87' lang='lat' dir='ltr'>gratia</span> <span class='ocrx_word' id='word_1_198' title='bbox 902 2628 1084 2684; x_wconf 91' lang='lat' dir='ltr'>primum</span> <span class='ocrx_word' id='word_1_199' title='bbox 1104 2627 1269 2678; x_wconf 84' lang='lat' dir='ltr'>invisit3</span> <span class='ocrx_word' id='word_1_200' title='bbox 1300 2642 1340 2683; x_wconf 90' lang='lat' dir='ltr'>p.</span> <span class='ocrx_word' id='word_1_201' title='bbox 1363 2628 1431 2677; x_wconf 85' lang='lat'>79,</span> <span class='ocrx_word' id='word_1_202' title='bbox 1453 2630 1521 2677; x_wconf 87' lang='lat'>80,</span> <span class='ocrx_word' id='word_1_203' title='bbox 1544 2630 1612 2676; x_wconf 90' lang='lat'>81,</span> <span class='ocrx_word' id='word_1_204' title='bbox 1635 2630 1703 2677; x_wconf 90' lang='lat'>82,</span> <span class='ocrx_word' id='word_1_205' title='bbox 1734 2626 1788 2668; x_wconf 90' lang='lat' dir='ltr'>de</span> 
     </span>
     <span class='ocr_line' id='line_1_30' title="bbox 354 2716 1787 2775; baseline -0.001 -16"><span class='ocrx_word' id='word_1_206' title='bbox 354 2716 534 2767; x_wconf 90' lang='lat' dir='ltr'>Hobbio,</span> <span class='ocrx_word' id='word_1_207' title='bbox 558 2718 630 2759; x_wconf 90' lang='lat' dir='ltr'>ubi</span> <span class='ocrx_word' id='word_1_208' title='bbox 653 2718 813 2775; x_wconf 79' lang='lat' dir='ltr'>Regem</span> <span class='ocrx_word' id='word_1_209' title='bbox 835 2718 879 2759; x_wconf 94' lang='lat' dir='ltr'>in</span> <span class='ocrx_word' id='word_1_210' title='bbox 909 2717 1107 2760; x_wconf 90' lang='lat' dir='ltr'>Conclavi</span> <span class='ocrx_word' id='word_1_211' title='bbox 1127 2732 1200 2759; x_wconf 93' lang='lat' dir='ltr'>suo</span> <span class='ocrx_word' id='word_1_212' title='bbox 1229 2717 1399 2759; x_wconf 88' lang='lat' dir='ltr'>Iconem</span> <span class='ocrx_word' id='word_1_213' title='bbox 1420 2716 1690 2759; x_wconf 86' lang='lat' dir='ltr'>Hobbianam</span> <span class='ocrx_word' id='word_1_214' title='bbox 1709 2716 1787 2773; x_wconf 90' lang='lat' dir='ltr'>ipsi</span> 
     </span>
     <span class='ocr_line' id='line_1_31' title="bbox 348 2806 1786 2863; baseline -0.001 -15"><span class='ocrx_word' id='word_1_215' title='bbox 348 2806 576 2849; x_wconf 87' lang='lat' dir='ltr'>ostendisse</span> <span class='ocrx_word' id='word_1_216' title='bbox 610 2816 765 2857; x_wconf 90' lang='lat' dir='ltr'>narrat,</span> <span class='ocrx_word' id='word_1_217' title='bbox 797 2807 957 2863; x_wconf 88' lang='lat' dir='ltr'>Regem</span> <span class='ocrx_word' id='word_1_218' title='bbox 993 2807 1118 2848; x_wconf 86' lang='lat' dir='ltr'>etiam</span> <span class='ocrx_word' id='word_1_219' title='bbox 1147 2806 1303 2848; x_wconf 84' lang='lat' dir='ltr'>facetiis</span> <span class='ocrx_word' id='word_1_220' title='bbox 1335 2806 1570 2849; x_wconf 88' lang='lat' dir='ltr'>Hobbianis</span> <span class='ocrx_word' id='word_1_221' title='bbox 1590 2806 1786 2849; x_wconf 77' lang='lat' dir='ltr'>delectari</span> 
     </span>
    </p>
   </div>
   <div class='ocr_carea' id='block_1_12' title="bbox 348 2897 1787 2955">
    <p class='ocr_par' dir='ltr' id='par_1_15' title="bbox 348 2897 1787 2955">
     <span class='ocr_line' id='line_1_32' title="bbox 348 2897 1787 2955; baseline 0.001 -17"><span class='ocrx_word' id='word_1_222' title='bbox 348 2897 526 2939; x_wconf 82' lang='lat' dir='ltr'>solitum.</span> <span class='ocrx_word' id='word_1_223' title='bbox 588 2897 796 2946; x_wconf 77' lang='lat' dir='ltr'>Quaedam</span> <span class='ocrx_word' id='word_1_224' title='bbox 830 2907 967 2939; x_wconf 86' lang='lat' dir='ltr'>tamen</span> <span class='ocrx_word' id='word_1_225' title='bbox 1003 2898 1061 2939; x_wconf 85' lang='lat' dir='ltr'>ibi</span> <span class='ocrx_word' id='word_1_226' title='bbox 1096 2897 1233 2939; x_wconf 88' lang='lat' dir='ltr'>minus</span> <span class='ocrx_word' id='word_1_227' title='bbox 1273 2912 1399 2954; x_wconf 89' lang='lat' dir='ltr'>quam</span> <span class='ocrx_word' id='word_1_228' title='bbox 1437 2913 1514 2955; x_wconf 91' lang='lat' dir='ltr'>pro</span> <span class='ocrx_word' id='word_1_229' title='bbox 1555 2898 1787 2940; x_wconf 84' lang='lat' dir='ltr'>reverentia</span> 
     </span>
    </p>
   </div>
  </div>
 </body>
</html>
