1936 3262
254 395 369 426 PARS
387 394 413 426 1.

319 439 345 469 l.

247 529 354 560 Animi

247 572 462 604 Ratiocinatio.

481 254 509 296 4
796 264 1146 298 COMPUTA'rIo
1174 265 1297 299 SIVE
1324 265 1538 299 Loech.

480 380 708 429 distincte
727 382 879 430 visam
903 383 1131 446 concipit,
1156 383 1238 430 illa
1260 383 1370 430 idea
1394 381 1666 446 composita
1689 387 1764 429 est
1781 395 1849 446 *ex
1896 379 1920 428 ’,ξ

478 457 880 519 praecedentibus,
918 466 1065 521 atque
1087 459 1180 505 hoc
1204 459 1350 506 modo
1377 457 1628 521 componit
1659 455 1850 504 animus
1903 459 1921 530 3

479 532 611 580 ideas
643 533 917 595 praedictas,
955 533 1125 580 eodem
1163 533 1332 580 ordine
1392 550 1488 596 quo
1531 532 1583 580 in
1627 530 1850 579 oratione
1899 539 1921 595 [g

481 616 839 670 componuntur
883 609 987 656 haec
1023 609 1222 656 nomina
1268 608 1458 671 singula
1500 623 1698 671 corpas,
1739 605 1849 652 ani·

479 689 672 742 matam,
701 683 965 740 rationale,
989 683 1040 731 in
1062 700 1213 731 unum
1235 700 1413 731 nomen
1447 698 1629 746 corpas
1661 680 1858 728 anima-
1906 687 1922 714 s*

480 763 578 804 tam
639 757 902 814 rationale,
969 759 1068 805 sive
1124 758 1373 806 hominem.
1492 757 1725 805 Similiter
1763 769 1847 803 ex

480 833 796 895 conceptibus
822 832 1177 898 qaadrilateri,
1212 832 1515 896 aequilateri,
1543 828 1847 894 rectanguli,
1905 830 1923 870 ἶ

480 907 787 970 componitur
844 915 1109 971 conceptus
1156 908 1393 971 quadrati.
1495 907 1664 954 Potest
1719 904 1848 953 enim

479 983 667 1030 animus
715 984 971 1046 concipere
1017 983 1397 1046 quadrilaterum
1446 983 1550 1030 sine
1607 987 1850 1044 conceptu
1903 1016 1923 1040 5

478 1057 762 1120 aequilateri,
789 1066 838 1104 et
863 1058 1133 1120 aequilateri
1159 1058 1261 1104 sine
1286 1064 1528 1120 conceptu
1559 1055 1848 1119 rectanguli,
1904 1090 1909 1095 «

479 1139 528 1178 et
553 1139 790 1194 concepta
813 1132 917 1179 haec
942 1132 1133 1194 singula
1153 1139 1318 1194 potest
1337 1132 1634 1194 conjungere
1656 1130 1708 1178 in
1732 1146 1849 1177 con-

479 1214 673 1269 ceptum
695 1222 861 1264 unum,
901 1207 1000 1253 sive
1024 1207 1183 1253 ideam
1213 1222 1362 1253 unam
1399 1206 1639 1268 quadrati.
1707 1205 1849 1253 Patet
1907 1206 1921 1270 s,

450 1272 453 1277 ⁵
478 1297 594 1344 ergo
619 1297 715 1344 quo
738 1282 883 1329 modo
916 1282 1104 1329 animus
1130 1288 1367 1344 concepta
1390 1281 1654 1344 componit.
1722 1280 1848 1328 Rur-
1911 1294 1927 1328 2¹.

479 1372 559 1403 sus
606 1356 646 1403 si
671 1356 777 1418 quis
819 1356 1065 1404 hominem
1109 1363 1352 1403 astantem
1395 1356 1576 1414 videat,
1634 1355 1849 1418 concipit
1922 1403 1924 1405 ,

478 1438 634 1477 totam
676 1432 779 1493 ejus
815 1430 990 1488 ideam,
1029 1431 1070 1477 si
1102 1446 1218 1478 vero
1260 1430 1570 1478 recedentem
1616 1438 1849 1494 sequatur

479 1505 629 1552 oculis
663 1513 868 1563 tantum,
908 1506 1101 1552 amittet
1140 1505 1299 1552 ideam
1336 1522 1502 1553 earum
1541 1521 1708 1554 rerum
1740 1495 1848 1569 quae
1912 1528 1915 1552 1

478 1581 616 1643 signa
639 1588 778 1627 erant
802 1581 1020 1638 rationis,
1063 1587 1278 1628 attamen
1315 1581 1425 1628 idea
1456 1581 1659 1628 animati
1695 1581 1847 1629 oculis

476 1655 747 1713 inhaerebit,
767 1656 932 1718 itaque
957 1671 1014 1703 ex
1039 1663 1146 1703 tota
1167 1655 1277 1703 idea
1298 1656 1522 1715 hominis,
1546 1656 1598 1703 id
1621 1664 1711 1715 est,
1736 1672 1846 1704 cor·

473 1731 617 1794 pori-s·
650 1730 857 1777 animati
902 1730 1170 1777 rationalis
1217 1731 1504 1778 subducitur
1543 1731 1654 1779 idea
1688 1731 1842 1779 ratio·
1908 1724 1928 1781 s.

476 1804 622 1864 walis,
656 1805 849 1853 residua
872 1814 946 1853 est
970 1805 1199 1869 corporis
1223 1806 1431 1853 animati
1447 1825 1466 1860 ,·
1503 1806 1678 1854 deinde
1700 1806 1848 1869 paulo
1908 1818 1928 1854 22‘

474 1889 585 1944 post
628 1881 679 1928 in
720 1881 953 1928 distantia
984 1882 1167 1943 majore
1203 1881 1457 1928 amittetur
1488 1881 1599 1928 idea
1621 1881 1844 1940 animati,
1916 1884 1918 1889 ’

474 1956 707 2003 residebit
738 1956 847 2003 idea
889 1955 1119 2019 corporis
1158 1963 1364 2014 tantum,
1403 1956 1698 2019 tandemque
1734 1972 1845 2004 cum
1913 1954 1923 1995 ³1

473 2047 575 2094 prae
612 2031 844 2078 distantia
875 2030 1080 2093 amplius
1123 2030 1338 2093 conspici
1373 2046 1473 2078 non
1513 2038 1692 2094 potest,
1737 2038 1846 2080 tota
1925 2017 1929 2050 ³

473 2106 583 2153 idea
628 2107 688 2153 ab
736 2106 888 2154 oculis
934 2105 1193 2153 evanescit.
1283 2105 1446 2168 Atque
1491 2106 1567 2154 his
1613 2107 1844 2169 exemplis

475 2181 629 2244 qualis
644 2197 721 2228 res
742 2181 805 2228 sit
822 2181 970 2228 animi
985 2180 1293 2228 ratiocinatio
1301 2180 1496 2228 interna
1513 2181 1842 2241 sinevocibus,
1914 2175 1925 2187 η’

475 2257 591 2304 satis
616 2256 1022 2319 exemplificatum
1045 2271 1149 2303 esse
1171 2263 1308 2318 puto.

539 2332 653 2379 Non
688 2347 804 2394 ergo
841 2331 1113 2394 putandum
1151 2338 1225 2378 est
1261 2330 1628 2393 computationi,
1665 2331 1718 2379 id
1751 2339 1845 2391 est,

473 2406 836 2455 ratiocinationi
859 2406 911 2453 in
933 2406 1146 2453 numeris
1170 2413 1363 2452 tantum
1398 2405 1561 2454 locum
1589 2423 1709 2466 esse,
1733 2415 1843 2455 tan·
1918 2399 1931 2410 ⁵

475 2498 620 2545 quam
641 2482 788 2528 homo
812 2497 841 2528 a
857 2480 1046 2528 caeteris
1070 2480 1397 2528 animantibus
1424 2479 1577 2543 (quod
1597 2483 1842 2531 censuisse
1912 2479 1914 2482 ’

472 2564 700 2604 narratur
747 2555 1089 2619 Pythagoras)
1140 2555 1243 2602 sola
1286 2556 1574 2603 numerandi
1608 2557 1841 2606 facultate

475 2632 732 2680 distinctus
755 2638 899 2688 esset,
936 2646 1050 2677 nam
1087 2637 1137 2677 et
1172 2630 1457 2692 magnitudo
1499 2632 1840 2695 magnitudini,

475 2723 649 2769 corpus
695 2705 901 2769 corpori,
953 2713 1113 2752 motus
1159 2705 1330 2764 motui,
1379 2713 1569 2769 tempus
1614 2709 1839 2771 tempori,

473 2782 651 2843 gradus
682 2780 928 2844 qualitatis
964 2780 1152 2842 gradui,
1188 2780 1316 2827 actio
1340 2781 1538 2839 actioni,
1575 2791 1839 2846 conceptus
1879 2824 1882 2833 ,
1921 2778 1932 2813 ¹„

474 2856 746 2919 conceptui,
783 2854 1035 2918 proportio
1058 2854 1378 2917 proportioni,
1417 2855 1574 2904 oratio
1612 2858 1838 2917 orationi,
1899 2861 1930 2922 ᾗῇ
