1910 3256
190 349 303 424 ΡΑΙέΞ
329 349 384 381 IV.

199 440 382 461 ωὛ-κ

159 649 321 690 Organum
329 650 421 682 olfac-

158 693 252 723 tionis
273 695 421 733 primum,

159 740 190 766 et
219 735 393 767 olfactionis

161 779 327 818 generatio.

432 227 525 269 408
769 257 772 260 -
986 238 1236 271 PHYSICA.

435 345 632 393 odorem
650 347 850 406 faciunt,
875 347 1087 395 contrita
1109 348 1360 395 fortiorem
1382 348 1556 397 facere.
1594 350 1797 408 Quinto,

436 420 640 470 inhibita
661 423 993 485 respiratione,
1035 423 1202 470 saltem
1236 423 1286 470 in
1320 423 1612 483 hominibus,
1647 425 1798 473 olfac-

437 496 619 545 tionem
643 499 761 545 tolli.
834 499 998 556 Sexto,
1024 499 1286 546 obstructis
1305 499 1516 557 naribus,
1535 499 1700 547 hiante
1714 515 1798 547 ore

437 588 536 619 non
557 573 663 620 fieri
686 574 932 621 olfactum.

466 681 469 684 ψ
510 653 582 695 13.
612 649 684 695 ΕΧ
708 648 877 710 quinto
903 655 952 694 et
977 655 1112 695 sexto
1134 649 1466 711 phaenomeno,
1491 648 1801 696 manifestum

440 731 514 770 est
560 739 794 786 organum
839 723 1109 771 olfactionis
1147 724 1358 786 primum
1389 732 1439 771 et
1470 723 1802 772 immediatum

440 814 543 846 esse
568 799 825 846 cuticulam
849 799 1038 846 narium
1060 799 1295 858 intimam,
1319 800 1543 862 illamque
1567 800 1670 863 ejus
1689 814 1802 862 par-

439 881 535 921 tem
560 890 667 937 quae
691 882 764 922 est
787 875 908 922 citra
931 882 1142 922 meatum
1178 875 1368 922 narium
1404 882 1453 922 et
1490 874 1640 938 palati
1673 890 1802 922 com-

441 965 649 996 munem.
719 949 840 996 Cum
864 949 992 996 enim
1015 950 1236 1012 spiritum
1274 965 1363 1012 per
1400 966 1540 997 nares
1565 949 1800 1008 ducimus,

440 1025 502 1072 ad
524 1024 776 1087 pulmones
801 1024 1036 1071 ducimus.
1104 1025 1193 1071 Est
1226 1040 1341 1087 ergo
1372 1024 1568 1087 spiritus
1604 1023 1805 1072 odorem

439 1100 617 1146 vehens
640 1099 691 1146 in
715 1115 772 1146 ea
793 1099 886 1156 via,
912 1115 1006 1162 qua
1031 1099 1227 1162 spiritus
1260 1099 1416 1146 fertur
1439 1099 1502 1147 ad
1533 1099 1803 1162 pulmones,

440 1174 490 1221 id
515 1181 602 1230 est,
627 1173 677 1220 in
702 1190 757 1221 ea
790 1181 929 1236 parte
963 1174 1169 1232 narium,
1209 1190 1316 1237 quae
1354 1182 1428 1222 est
1464 1174 1587 1222 citra
1619 1173 1805 1223 meatus

439 1265 525 1311 per
549 1265 668 1311 quos
693 1249 871 1296 transit
894 1249 1122 1311 spiritus;
1157 1265 1271 1297 nam
1312 1250 1433 1298 odor
1466 1266 1566 1297 non
1600 1249 1808 1299 sentitur

439 1340 596 1387 neque
620 1324 750 1371 ultra
773 1340 917 1386 quam
939 1324 1095 1372 fertur
1118 1325 1328 1387 spiritus,
1359 1341 1516 1388 neque
1546 1333 1807 1388 antequam

440 1399 490 1446 in
514 1415 656 1446 nares
679 1399 957 1462 recipiatur.

507 1474 751 1522 Quoniam
770 1482 934 1521 autem
970 1474 1111 1521 aliter
1147 1481 1292 1536 atque
1324 1474 1464 1522 aliter
1487 1473 1807 1522 sentientibus

440 1565 636 1597 necesse
661 1556 733 1596 est
755 1549 861 1596 fieri
881 1549 931 1596 in
956 1565 1139 1612 organo
1163 1549 1372 1612 aliquam
1394 1549 1728 1608 mutationem,
1758 1557 1808 1598 et

440 1632 513 1672 est
559 1625 764 1671 mutatio
811 1624 966 1671 omnis
1011 1632 1188 1682 motus,
1226 1640 1422 1672 necesse
1454 1625 1602 1672 etiam
1641 1630 1715 1672 est
1755 1624 1807 1672 in

441 1699 698 1747 olfactione
721 1707 883 1762 partes
907 1699 1092 1761 organi,
1128 1699 1179 1746 id
1213 1707 1301 1757 est,
1339 1699 1560 1746 cuticulae
1583 1698 1710 1746 illius
1733 1699 1808 1746 in-

441 1783 591 1822 ternae
613 1791 701 1837 pro
729 1775 960 1822 varietate
996 1774 1198 1821 odorum
1235 1774 1366 1821 varie
1400 1773 1723 1828 commoveri;
1759 1780 1808 1820 et

442 1850 645 1913 proinde
669 1866 843 1897 nervos
867 1849 1028 1907 etiam,
1055 1849 1138 1912 qui
1162 1849 1384 1896 cuticulae
1407 1849 1700 1897 inseruntur.

510 1926 726 1988 Cumque
750 1933 997 1972 ostensum
1021 1925 1098 1982 sit,
1123 1924 1307 1971 moveri
1329 1940 1469 1987 posse
1493 1923 1628 1982 nihil,
1662 1921 1756 1970 nisi
1778 1938 1809 1970 a

444 2007 576 2048 moto
602 2009 652 2047 et
675 2000 903 2062 contiguo
929 1990 1145 2062 corpore,
1169 2015 1326 2061 neque
1350 2006 1423 2046 est
1439 1999 1565 2046 inter
1584 1998 1808 2046 olfacien-

446 2075 561 2122 dum
597 2075 749 2122 ullum
786 2074 917 2121 aliud
958 2090 1132 2136 corpus
1165 2074 1355 2120 narium
1400 2075 1691 2121 membranae
1734 2073 1808 2120 in-

443 2158 596 2197 ternae
620 2150 900 2212 contiguum
934 2156 1111 2211 praeter
1145 2148 1383 2211 spiritum,
1418 2148 1470 2196 id
1507 2156 1595 2206 est,
1631 2155 1808 2211 praeter

444 2232 708 2273 attractum
744 2240 919 2282 aerem,
956 2231 1005 2271 et
1045 2240 1117 2282 ea,
1154 2224 1194 2271 si
1230 2241 1325 2287 qua
1359 2232 1486 2282 sunt,
1525 2223 1810 2287 corpuscula

446 2300 599 2348 solida
620 2299 892 2358 invisibilia,
918 2315 1025 2361 quae
1049 2307 1159 2346 sunt
1192 2299 1291 2346 aeri
1324 2299 1610 2358 intermista,
1644 2314 1810 2350 neces-

447 2376 571 2423 sario
619 2375 835 2437 sequitur
893 2390 1088 2421 causam
1146 2374 1417 2422 olfactionis
1467 2390 1568 2422 esse
1623 2381 1810 2422 motum

445 2451 572 2498 illius
596 2450 719 2497 aeris
737 2449 846 2511 puri
869 2449 967 2496 sive
1006 2449 1285 2496 substantiae
1324 2449 1560 2508 aethereae,
1595 2449 1674 2496 vel
1706 2465 1810 2497 mo-

447 2533 551 2573 tum
573 2525 766 2572 illorum
790 2523 1198 2586 corpusculorum.
1269 2525 1365 2571 Sed
1386 2532 1547 2572 motus
1570 2524 1651 2572 ille
1668 2524 1810 2573 effec-

447 2609 526 2648 tus
551 2608 623 2648 cst
647 2601 705 2647 ab
731 2600 922 2662 objecto
947 2598 1179 2654 odorato;
1215 2599 1485 2647 necessario
1509 2614 1625 2662 ergo
1648 2614 1810 2646 move-

448 2685 544 2734 tur,
585 2675 661 2722 vel
703 2674 946 2737 objectum
983 2674 1141 2736 ipsum
1181 2681 1355 2733 totum,
1392 2674 1470 2722 vel
1507 2682 1670 2737 partes
1706 2674 1808 2736 ejus

445 2753 661 2816 singulae.
730 2752 945 2799 Odorata
983 2758 1144 2798 autem
1182 2751 1380 2799 odorem
1419 2751 1576 2799 facere
1617 2751 1808 2810 scimus,

442 2828 537 2874 ‚etsi
560 2844 657 2876 non
692 2834 794 2875 tota
827 2834 1124 2892 moveantur.
1193 2828 1281 2875 Est
1317 2843 1434 2891 ergo
1471 2842 1616 2875 causa
1647 2825 1810 2875 odoris
