1936 3262
1848 0 1936 128 Ψ

518 270 608 312 156
909 283 1281 320 PH1LOSOPH1A
1312 287 1501 322 PRIMA.

289 389 476 466 PARS-11·
513 392 794 454 parationes
827 394 1010 442 eaedem
1035 412 1143 459 quae
1175 397 1411 446 linearum
1445 407 1592 448 rectae
1625 408 1675 449 et
1711 418 1884 453 curvae.

285 481 473 504 *vd
513 466 641 516 Nam

577 558 613 592 1.
641 544 691 591 Si
705 545 905 608 planum
921 553 970 593 et
984 547 1186 610 gibbum
1200 548 1715 599 iisdemterminentur
1730 551 1883 613 lineis,

507 618 709 682 gibbum
731 621 877 683 plano
898 623 1054 685 majus
1079 630 1168 671 est.
1229 624 1359 672 Quia
1382 624 1422 671 si
1445 624 1602 684 lineae,
1628 642 1688 674 ex
1711 628 1883 691 quibus

509 702 752 753 constant,
769 696 968 744 extendi
982 697 1334 761 intelligantur,
1351 699 1652 763 intelligetur
1660 717 1756 762 eas,
1775 719 1882 767 quae

506 769 558 817 in
579 770 729 833 gibbo
759 778 888 830 sunt,
919 772 1164 835 longiores
1195 789 1300 821 esse
1325 791 1470 838 quam
1498 775 1608 832 illae,
1634 793 1741 840 quae
1769 787 1882 828 sunt

505 844 556 892 in
584 845 747 908 plano,
782 863 891 910 quae
923 855 1126 911 propter
1162 849 1508 898 rectitudinem
1550 852 1748 900 extendi
1782 869 1881 903 non

503 929 726 983 possunt.

572 1011 632 1043 11.
670 996 872 1044 Planum
915 1005 965 1046 et
999 998 1233 1047 continuo
1266 999 1468 1063 gibbum
1503 1017 1566 1048 ne
1598 1001 1650 1050 in
1682 1003 1881 1053 minima

504 1071 737 1135 quidemp
751 1081 857 1120 arte
877 1089 1165 1137 congruere.
1212 1075 1388 1123 Essent
1414 1075 1560 1135 enim,
1583 1077 1623 1124 si
1643 1094 1879 1142 congrue-

501 1154 628 1205 rent,
644 1148 871 1211 aequales,
892 1149 990 1196 imo
1009 1150 1180 1198 eadem
1199 1151 1478 1214 superficies
1492 1152 1637 1215 plana
1657 1161 1706 1201 et
1730 1170 1878 1204 curva

502 1230 645 1281 esset,
671 1223 803 1286 quod
828 1232 902 1272 est
925 1224 1239 1288 impossibile.

568 1312 651 1345 111.
689 1298 826 1346 Inter
863 1300 1060 1348 eosdem
1100 1301 1414 1365 undiquaque
1453 1303 1688 1352 terminos
1732 1306 1878 1355 unica
1901 1351 1911 1358 .,

500 1388 605 1420 esse
642 1381 808 1436 potest
846 1376 1126 1438 superficies
1162 1377 1335 1440 plana3
1384 1393 1498 1425 nam
1532 1379 1678 1427 unica
1711 1388 1876 1444 potest

499 1463 603 1496 esse
626 1449 842 1497 minima.

565 1538 639 1571 lv.
657 1524 778 1572 Duae
795 1525 1075 1588 superficies
1089 1526 1249 1590 planae
1265 1527 1471 1575 solidum
1487 1519 1587 1576 non
1601 1529 1872 1591 includunt,

496 1614 610 1646 nam
655 1600 697 1647 si
734 1601 932 1649 eosdem
968 1602 1149 1665 ubique
1189 1603 1424 1651 terminos
1460 1605 1689 1662 habeant,
1730 1607 1903 1655 unica

495 1675 552 1721 fit
578 1677 875 1738 superficies,
902 1676 942 1724 si
965 1693 1066 1724 non
1090 1677 1274 1726 habent
1297 1679 1588 1742 relinquitur
1610 1681 1788 1729 hiatus.

562 1764 613 1797 V.
650 1751 820 1800 Omnis
856 1768 970 1816 pars
1007 1752 1141 1815 plani
1179 1760 1253 1800 est
1283 1754 1444 1817 plana,
1476 1771 1590 1802 nam
1623 1772 1733 1804 cum
1767 1748 1879 1806 totav

493 1827 771 1888 superficies
789 1827 937 1891 plana
954 1827 1155 1875 minima
1172 1836 1247 1875 est
1270 1830 1635 1892 superficierum
1655 1832 1871 1881 omnium

492 1901 689 1949 eosdem
722 1903 1037 1967 undiquaque
1070 1904 1355 1952 habentium
1389 1906 1640 1965 terminos,
1671 1915 1722 1954 et
1749 1923 1882 1956 una-v

492 1993 698 2041 quaeque
723 1979 870 2026 etiam
888 1995 1001 2042 pars
1037 1979 1240 2026 minima
1263 1981 1481 2028 omnium
1506 1982 1870 2045 superficierum

494 2051 781 2101 habentium
814 2055 1010 2102 eosdem
1037 2055 1350 2118 undiquaque
1382 2057 1617 2105 terminos
1645 2074 1756 2105 cum
1786 2059 1869 2108 illa

490 2136 646 2191 parte,
687 2130 782 2177 nisi
828 2131 985 2178 omnis
1030 2146 1143 2194 pars
1188 2131 1334 2194 plana
1379 2141 1522 2191 esset,
1559 2149 1660 2181 non
1705 2141 1867 2182 essent

495 2220 664 2252 omnes
688 2205 822 2268 plani
840 2213 1021 2269 partes,
1046 2206 1189 2253 simul
1213 2214 1435 2270 sumptae,
1459 2208 1554 2255 toti
1576 2208 1798 2271 aequales.

563 2287 608 2328 3.
646 2281 977 2330 Rectitudinis
1007 2282 1107 2330 sive
1134 2283 1186 2329 in
1216 2282 1356 2331 lineis
1382 2283 1482 2331 sive
1505 2284 1556 2331 in
1590 2285 1866 2348 superficie-

248 2349 428 2426 fflggffinm
489 2355 596 2415 bus,
621 2373 720 2405 una
739 2365 814 2406 est
836 2358 1038 2421 species,
1059 2358 1312 2406 curvitatis
1336 2366 1501 2406 autem
1522 2359 1714 2422 plures;
1750 2375 1864 2409 nam

249 2437 382 2477 species-¹
489 2448 764 2490 curvarum,
792 2434 900 2482 aliae
933 2450 1167 2498 congruoe
1196 2441 1326 2493 sunt,
1358 2434 1410 2481 id
1442 2441 1530 2493 est,
1553 2450 1660 2497 quae
1692 2442 1861 2484 mutuo

487 2508 579 2555 sibi
593 2509 849 2572 applicatae
865 2509 1178 2564 coincidunt;
1215 2509 1321 2556 aliae
1338 2510 1638 2574 incongruoe.
1675 2509 1860 2558 Rursus

488 2583 596 2631 aliae
621 2582 873 2649 ὁμοιομερεῖς
897 2584 997 2632 sive
1020 2584 1288 2631 uniformes
1314 2591 1443 2643 sunt,
1468 2584 1519 2632 id
1542 2592 1631 2643 est,
1656 2600 1860 2648 quarum

482 2669 648 2723 partes
678 2661 888 2724 aequales
922 2666 1173 2722 utcunque
1209 2666 1416 2721 sumptae
1451 2667 1565 2707 sunt
1599 2676 1856 2724 congruae;

482 2737 590 2785 aliae
610 2737 928 2801 ἆνομοιομερεῖς,
949 2735 1049 2783 sive
1066 2735 1414 2798 pluri-formes.
1483 2735 1725 2783 Praeterea
1748 2752 1856 2784 cur—

480 2828 651 2860 varum
665 2812 772 2860 aliae
791 2819 906 2860 sunt
926 2811 1150 2860 continuo
1166 2827 1343 2870 curvae,
1358 2811 1463 2859 aliae
1476 2818 1661 2876 partes
1675 2811 1854 2859 habent

479 2904 572 2935 non
597 2903 789 2936 Curva&
