1936 3262
319 251 388 293 xvi
822 262 919 291 v1'rA
943 262 1046 291 Tuo.
1070 261 1255 291 HOBBES.

317 374 437 424 lerit3
469 387 584 429 opus,
608 382 654 414 ut
674 372 742 414 ille
772 373 975 428 sperabat,
1014 372 1251 414 concivibus
1282 371 1377 421 suis,
1410 370 1642 427 praesertim
1662 385 1760 413 vero

318 463 410 514 illis,
437 463 510 520 qui
529 463 582 505 ab
615 462 827 519 Episcopis
857 471 1068 512 steterant,
1103 477 1188 504 non
1218 462 1441 518 ingratum.
1503 460 1761 517 Quanquam

319 553 433 595 enim
452 553 676 610 unicuique
696 553 766 594 illo
788 562 973 609 tempore
994 552 1174 594 scribere
1194 562 1236 594 et
1255 551 1381 594 edere
1402 551 1644 607 theologica,
1667 565 1771 608 quae

319 643 455 693 vellet,
476 643 655 685 liberum
675 651 789 692 erat3
821 642 918 699 quia
945 642 1131 698 regimen
1155 641 1351 684 Ecclesiae
1385 643 1606 697 (potestate
1625 639 1764 683 decla-

320 734 454 784 randi,
477 749 572 790 quae
593 733 795 775 doctrinae
826 741 962 774 essent
992 732 1180 782 haereses,
1213 732 1339 788 ipsius
1372 731 1479 788 regis
1511 730 1764 772 authoritate

321 824 494 875 sublata,
535 825 736 881 episcopis
766 825 913 872 exutis,
948 839 1046 881 rege
1080 822 1182 880 ipso'
1203 823 1427 876 trucidato)
1468 833 1567 864 tunc
1603 820 1766 864 nullum

321 925 431 966 erat3
463 915 684 972 diligenter
719 926 859 957 tamen
896 916 1015 965 cavit,
1054 931 1107 957 ne
1139 915 1241 971 quid
1273 914 1487 963 scriberet,
1523 927 1609 955 non
1643 911 1769 954 modo

321 1016 466 1048 contra
485 1021 651 1048 sensum
676 1007 903 1062 Scripturae
929 1006 1079 1055 Sacrae,
1115 1005 1186 1047 sed
1208 1006 1333 1046 etiam
1369 1013 1514 1046 contra
1535 1002 1767 1045 doctrinam

323 1098 520 1140 Ecclesiae
555 1098 816 1154 Anglicanae‚
851 1098 983 1154 qualis
1019 1107 1115 1138 ante
1151 1096 1308 1138 bellum
1348 1105 1485 1137 ortum
1518 1094 1769 1136 authoritate

321 1188 436 1244 regia
455 1188 678 1230 constituta
698 1188 844 1231 fuerat.
907 1188 1018 1229 Nam
1049 1198 1090 1229 et
1123 1187 1208 1242 ipse
1245 1186 1432 1242 regimen
1468 1184 1664 1226 Ecclesiae
1695 1197 1770 1239 per

321 1278 531 1333 episcopos
560 1292 648 1333 prae
679 1278 838 1319 caeteris
865 1277 1006 1318 formis
1037 1276 1230 1318 omnibus
1260 1289 1423 1331 semper
1448 1275 1768 1330 approbaverat3

321 1378 448 1425 atque
479 1367 557 1409 hoc
591 1368 755 1409 duobus
785 1368 911 1424 signis
943 1367 1207 1409 manifestum
1238 1366 1345 1408 fecit.
1409 1365 1564 1415 Primo,
1601 1379 1696 1406 cum
1724 1363 1770 1406 in

322 1457 475 1514 oppido
495 1457 636 1499 Sancti
651 1457 854 1499 Germani
875 1472 1004 1512 prope
1024 1456 1214 1506 Parisios,
1233 1456 1379 1498 morbo
1392 1454 1647 1512 gravissimo,
1663 1454 1777 1496 lector

324 1549 471 1591 affixus
506 1557 623 1598 esset,
655 1548 769 1589 venit
802 1547 856 1589 ad
889 1561 985 1588 eum
1022 1546 1287 1596 Mersennus,
1324 1555 1494 1602 rogatus
1527 1559 1553 1586 a
1587 1543 1769 1601 quodam

324 1641 456 1683 amico
477 1641 700 1690 communi,
723 1655 777 1681 ne
796 1640 975 1681 amicum
996 1653 1117 1680 suum
1138 1647 1258 1680 extra
1281 1636 1509 1679 Ecclesiam
1533 1635 1770 1677 Romanam

325 1731 432 1773 mori
452 1739 675 1787 pateretur.
737 1730 777 1772 Is
798 1730 904 1772 lecto
933 1729 1115 1771 assidens
1150 1730 1260 1785 (post
1289 1726 1509 1769 exordium
1539 1725 1770 1768 consolato-

326 1822 452 1877 rium)
473 1821 526 1863 de
545 1824 746 1878 potestate
779 1802 974 1863 Ecclesiae
1007 1820 1210 1861 Romanae
1242 1827 1410 1874 peccata
1435 1815 1676 1858 remittendi
1695 1815 1771 1858 ali-

328 1912 568 1968 quantisper
603 1912 819 1961 disseruit3
860 1912 926 1953 cui
961 1910 1042 1959 ille,
1087 1915 1113 1935 “
1138 1909 1204 1950 Mi
1242 1908 1409 1957 Pater,'’
1448 1906 1598 1963 inquit,
1632 1911 1659 1931 ‘⁶
1678 1905 1769 1947 haec

328 2002 467 2044 omnia
481 2001 733 2058 jamdudum
753 2016 918 2042 mecum
945 1999 1163 2056 disputavi.
1225 1998 1386 2039 Eadem
1415 1997 1627 2053 disputare
1656 2010 1770 2037 nune

327 2092 547 2134 molestum
567 2092 658 2133 erit.
707 2091 863 2142 Habes,
887 2106 981 2148 quae
1002 2090 1126 2140 dicas,
1148 2089 1388 2131 amoeniora.
1432 2086 1614 2136 Quando
1632 2085 1771 2128 vidisti

330 2183 593 2225 Gassendum
608 2182 652 2224 ?'’
714 2183 878 2231 Quibus
898 2181 1062 2231 auditis,
1092 2180 1344 2222 Mersennus
1364 2193 1594 2221 sermonem
1617 2177 1671 2219 ad
1690 2176 1772 2218 alia

329 2274 551 2318 transtulit.
614 2273 762 2315 Paucis
782 2283 874 2329 post
895 2273 1040 2314 diebus
1060 2271 1229 2313 accessit
1248 2269 1301 2311 ad
1321 2269 1440 2310 illum
1462 2267 1538 2309 Dr.
1559 2266 1771 2308 Johannes

330 2364 521 2416 Cosinus,
535 2363 765 2420 Episcopus
785 2363 911 2419 (post)
938 2361 1245 2410 Dunelmensis,
1264 2359 1500 2415 obtulitque
1515 2372 1558 2398 se
1579 2357 1638 2398 illi
1658 2371 1770 2398 com·

326 2464 583 2511 precatorem
622 2454 677 2496 ad
716 2454 869 2495 Deum.
946 2453 1026 2496 Cui
1061 2451 1143 2501 ille,
1186 2465 1282 2492 cum
1316 2448 1469 2505 gratias
1509 2446 1768 2496 reddidisset,

330 2551 356 2571 “
379 2546 483 2595 Ita,''
506 2546 655 2602 inquit,
689 2550 716 2571 “
737 2545 770 2586 si
789 2544 982 2601 precibus
1005 2541 1217 2599 praeiveris
1246 2541 1372 2595 juxta
1406 2538 1532 2579 ritum
1569 2536 1768 2579 Ecclesiae

328 2637 521 2678 nostrae.''
583 2635 792 2692 Magnum
812 2635 891 2676 hoc
911 2649 1011 2690 erga
1030 2631 1289 2688 disciplinam
1310 2627 1584 2685 episcopalem
1603 2628 1770 2684 signum

327 2736 417 2768 erat
450 2725 707 2767 reverentiae.
768 2725 895 2767 Anno
921 2727 1025 2765 1651
1050 2721 1303 2777 exemplaria
1332 2720 1491 2776 aliquot
1519 2718 1628 2760 illius
1656 2717 1766 2767 libri,

329 2816 513 2858 Londini
535 2831 676 2858 recens
696 2816 809 2866 editi,
832 2815 875 2856 in
898 2814 1079 2857 Galliam
1099 2812 1338 2855 transmissa
1357 2820 1477 2861 sunt3
1499 2810 1571 2852 ubi
1587 2808 1770 2866 theologi

327 2908 497 2964 quidam
519 2907 646 2963 Angli
668 2907 875 2949 doctrinas
897 2905 1096 2961 quasdam
1118 2904 1160 2946 in
1181 2903 1252 2945 illo
1280 2902 1389 2945 libro
1418 2909 1645 2950 contentaS,
1678 2909 1768 2941 tum
