1936 3262
377 271 478 312 xviii
882 285 983 312 vl'rA
1005 284 1109 313 Tuo.
1133 284 1318 313 HoBBEs.

371 395 460 451 jam
496 409 623 436 senex
656 395 811 437 librum
846 394 1070 452 quendam,
1105 409 1229 451 quem
1266 394 1472 451 inscripsit
1520 399 1588 438 De
1622 397 1815 452 Corpore,

374 486 659 528 continentem
679 485 837 543 logicae,
859 484 1115 542 geometriae,
1133 485 1313 541 physicae
1335 486 1441 539 (tum
1458 485 1706 536 sublunaris,
1729 494 1818 528 tum

375 577 568 632 coelestis)
588 577 884 627 fundamenta3
915 576 1125 617 deducens
1154 575 1331 633 logicam
1362 576 1532 632 quidem
1560 591 1586 618 a
1612 575 1820 633 significa-

377 669 489 710 tione
509 669 750 719 nominum;
779 667 1051 725 geometriam
1071 676 1225 718 autem,
1257 676 1300 709 et
1328 667 1554 724 physicam,
1583 682 1638 709 ex
1665 666 1822 724 figura-

378 775 486 809 rum,
507 769 549 800 et
569 758 793 800 effectuum
813 756 1066 798 naturalium
1085 757 1438 814 generationibus.

439 850 633 891 Hominis
654 864 766 904 ergo,
789 863 926 905 neque
946 862 1111 905 genere,
1139 863 1275 904 neque
1295 848 1456 904 opibus,
1488 862 1625 904 neque
1644 847 1823 905 negotiis

379 939 478 982 belli
502 949 575 981 aut
603 939 714 995 pacis
745 938 908 989 assueti,
944 939 1072 980 vitam
1095 938 1243 988 scribo,
1277 948 1318 980 et
1339 939 1382 979 in
1403 938 1617 995 publicum
1653 939 1823 989 emitt03

379 1030 452 1072 sed
486 1031 530 1071 in
564 1030 678 1072 omni
712 1044 866 1086 genere
900 1029 1083 1071 scientiae
1109 1028 1361 1079 excellentis,
1398 1039 1441 1071 et
1470 1029 1557 1071 fere
1591 1029 1824 1087 singularis.

384 1121 517 1176 Cujus
538 1119 754 1176 ingenium
774 1127 822 1160 ut
842 1128 1139 1175 cognoscerent
1162 1119 1332 1175 (partim
1352 1119 1478 1161 etiam
1507 1129 1556 1161 ut
1584 1134 1659 1161 sua
1686 1128 1826 1161 osten-

381 1209 540 1263 tarent)
564 1217 850 1251 convenerunt
875 1223 973 1250 eum
993 1209 1070 1249 viri
1104 1209 1328 1260 innumeri,
1366 1218 1456 1251 tum
1485 1219 1711 1260 nostrateS„
1735 1218 1826 1251 tum

381 1301 542 1351 exteri3
572 1309 615 1342 et
635 1300 744 1341 inter
774 1299 865 1341 illos
898 1299 1091 1341 nonnulli
1121 1300 1247 1357 legati
1278 1301 1527 1357 principum,
1560 1287 1716 1358 aliique
1749 1300 1827 1342 viri

382 1391 640 1434 nobilissimi.
719 1389 854 1440 Adeo,
895 1399 943 1431 ut
981 1391 1220 1446 conjectura
1254 1391 1352 1433 inde
1386 1391 1494 1433 facta
1527 1391 1581 1433 de
1614 1389 1828 1433 voluntate

383 1483 601 1525 hominum
621 1481 894 1532 eruditorum,
929 1481 1001 1538 qui
1020 1482 1191 1537 posthac
1220 1491 1358 1532 erunt,
1391 1497 1476 1524 non
1508 1480 1828 1544 ingratutnfvfore

384 1573 616 1630 posteritati
636 1571 881 1622 existimavi,
913 1571 1092 1628 siquem
1122 1572 1271 1614 vidisse
1291 1572 1524 1623 voluerunt,
1561 1572 1670 1614 illius
1699 1571 1827 1614 vitam

384 1664 514 1706 literis
534 1662 764 1720 posteritati
785 1661 1016 1712 traderem3
1037 1663 1246 1719 praecipue
1262 1663 1444 1720 quidem,
1466 1673 1514 1705 ut
1533 1679 1628 1720 quae
1649 1662 1829 1705 scientiis

386 1755 456 1797 ille
485 1755 644 1811 primus
679 1752 852 1802 addidit,
890 1752 1042 1794 deinde
1074 1753 1199 1794 etiam
1230 1764 1380 1796 caetera
1411 1754 1507 1796 vitae
1541 1754 1642 1810 ejus,
1679 1768 1775 1810 quae
1805 1767 1832 1795 a

387 1845 611 1888 lectoribus
631 1843 856 1885 desiderari
876 1858 993 1899 posse
1013 1843 1280 1895 videbuntur,
1302 1854 1608 1902 cognoscerent.

449 1937 559 1986 Quae
580 1936 741 1991 scripsit
755 1939 822 1978 De
835 1938 943 1977 Jure
955 1938 1164 1988 naturali,
1180 1939 1248 1978 De
1264 1938 1567 1979 Constitutione
1583 1937 1832 1986 Civitatum,

390 2031 459 2071 De
477 2031 584 2070 Jure
603 2041 758 2074 eorum,
782 2028 854 2082 qui
873 2040 1081 2066 summam
1100 2026 1256 2067 habent
1275 2027 1531 2068 Potes-tatem
1546 2044 1562 2072 ‚·
1598 2027 1662 2068 De
1676 2025 1837 2082 Officiis

395 2121 573 2167 Civium,
608 2116 650 2156 in
684 2115 800 2157 libris
834 2117 1072 2157 Leviathan
1102 2123 1145 2155 et
1164 2117 1232 2157 De
1255 2117 1353 2158 Cive
1377 2115 1493 2171 (quia
1512 2114 1624 2156 domi
1654 2114 1836 2172 forisque

392 2217 504 2258 nota,
526 2217 569 2248 et
585 2206 766 2248 maxime
787 2204 995 2247 celebrata
1014 2204 1129 2259 sunt)
1154 2205 1446 2261 praetereunda
1465 2219 1623 2247 censeo.

453 2297 506 2339 In
538 2297 716 2354 physicis
758 2310 923 2337 causam
963 2309 1171 2345 sensuum,
1209 2295 1418 2352 praecipue
1457 2295 1578 2345 visus,
1619 2309 1704 2336 una
1741 2307 1838 2335 cum

395 2388 586 2431 doctrina
613 2387 727 2429 omni
748 2386 896 2442 optica,
930 2394 973 2426 et
1002 2394 1154 2426 natura
1174 2384 1288 2435 lucis,
1320 2385 1577 2427 refractionis
1605 2384 1839 2426 reflection-

395 2481 514 2537 isque
534 2495 676 2522 causas
696 2477 918 2527 naturales,
945 2478 1107 2533 ignotas
1127 2485 1237 2525 ante,
1267 2476 1426 2532 primus
1455 2474 1765 2524 demonstravit,
1794 2474 1838 2515 in

394 2570 503 2614 libro
552 2574 620 2614 De
667 2572 883 2612 Homine:
932 2568 1033 2609 item
1080 2581 1222 2608 causas
1271 2565 1519 2623 qualitatum
1568 2564 1836 2614 sensibilium,

397 2661 596 2703 nimirum
617 2659 815 2708 colorum,
837 2657 940 2707 soni,
963 2656 1121 2706 caloris,
1143 2665 1185 2697 et
1205 2655 1379 2712 frigoris.
1442 2655 1613 2697 Somnia
1631 2664 1772 2697 autem
1797 2663 1841 2696 et

399 2751 700 2807 phantasmata,
730 2764 825 2806 quae
854 2758 977 2790 antea
1005 2762 1082 2804 pro
1106 2747 1317 2803 spiritibus
1336 2755 1378 2788 et
1397 2757 1657 2788 mortuorum
1690 2744 1839 2787 animis

399 2840 676 2890 habebantur,
708 2850 750 2881 et
770 2839 866 2881 rudi
885 2838 1010 2896 vulgo
1030 2837 1367 2880 terriculamenta
1386 2846 1518 2887 erant,
1539 2835 1679 2879 omnia
1698 2834 1839 2892 profli-

399 2930 526 2984 gavit.
603 2930 780 2972 Causam
816 2939 957 2972 autem
993 2938 1172 2972 aestuum
1201 2927 1458 2970 marinorum
1492 2936 1534 2969 et
1564 2925 1839 2968 descensionis

405 3022 597 3078 gravium
616 3036 641 3063 a
660 3031 775 3063 motu
805 3020 986 3078 quodam
1024 3019 1180 3062 telluris
1210 3019 1425 3076 perspicue
1456 3017 1668 3060 derivavit.
1729 3015 1840 3058 Nam
