1936 3262
257 365 369 398 PARS
394 366 411 398 Ι
415 367 442 399 Ῑ.

250 455 439 479 s--f—-ae

196 495 367 536 Angulum

197 539 425 579 contingentiae

198 583 410 621 quantitatem

197 635 278 662 esse,
293 626 349 657 sed
361 636 417 658 an-

195 667 273 707 gulo
287 668 440 710 simplici-

197 716 245 742 ter
264 711 349 743 dicto
368 712 457 744 hete-

484 240 574 294 170
865 256 1238 292 PHILOSOPHIA
1264 258 1457 292 PRIMA.

479 364 658 427 angulo
679 366 1109 429 quantulocunque
1133 367 1418 431 simpliciter
1437 368 1584 427 dicto,
1610 369 1850 420 rationem

481 438 545 486 ad
582 439 741 502 ipsum
778 441 929 489 habet
965 457 1072 488 eam
1107 457 1253 504 quam
1286 451 1524 505 punctum
1558 442 1622 490 ad
1653 443 1851 504 lineam,

474 514 570 562 hoc
587 522 679 573 est,
702 531 863 578 neque
886 515 1128 563 rationem
1150 532 1311 579 neque
1334 517 1662 579 quantitatem
1683 517 1849 568 ullam.

471 588 636 639 Primo
661 591 807 649 enim,
832 591 1039 654 angulus
1063 591 1412 655 contingentiae
1437 593 1495 639 fit
1508 591 1717 640 flexione
1731 609 1849 643 con-

474 663 627 720 tinua,
665 665 736 713 ita
770 674 828 713 ut
862 666 915 714 in
953 666 1271 729 generatione
1306 668 1410 730 ejus
1446 667 1608 714 nullus
1647 668 1848 718 omnino

192 762 378 794 rogeneum,
398 766 458 787 nee
471 739 559 787 fiat
581 748 745 788 motus
765 741 1034 800 circularis,
1053 741 1106 789 in
1121 757 1217 805 quo
1239 742 1466 790 consistit
1483 749 1664 790 natura
1675 743 1847 804 anguli

196 797 224 826 ei
240 797 410 838 quicquam

194 839 310 872 addere
320 846 375 872 aut
389 841 456 873 adi-

194 891 281 914 mere
296 894 402 925 posse.

473 813 791 878 simpliciter3
827 816 994 879 itaque
1019 832 1130 863 cum
1166 816 1250 864 illo
1275 817 1548 880 comparari
1580 817 1848 867 secundum

473 890 800 953 quantitatem
831 907 932 939 non
961 898 1143 954 potest.
1214 891 1455 950 Secundo,
1491 890 1607 953 quia
1639 892 1848 955 angulus

472 972 704 1013 externus
732 966 978 1013 subtensae
999 966 1253 1029 productae
1274 973 1325 1014 et
1348 966 1593 1014 subtensae
1611 966 1848 1030 proximae

471 1040 672 1102 aequalis
697 1047 772 1087 est
794 1041 973 1103 angulo
1000 1041 1158 1088 centri
1181 1056 1326 1104 super
1349 1041 1559 1089 eundem
1579 1057 1748 1090 arcum
1771 1042 1848 1105 (ut

471 1114 523 1161 in
558 1115 717 1177 figura
751 1115 1060 1177 praecedente
1096 1115 1303 1178 angulus
1335 1115 1378 1163 G
1398 1115 1436 1162 C
1458 1116 1502 1163 D
1537 1116 1737 1180 aequalis
1773 1125 1848 1165 est

471 1190 651 1252 angulo
678 1189 716 1236 C
733 1190 778 1236 A
793 1190 858 1252 D)
884 1211 896 1244 ;
922 1190 1016 1237 erit
1038 1191 1244 1254 angulus
1270 1190 1622 1254 contingentiae
1645 1192 1846 1254 aequalis

471 1265 651 1327 angulo
694 1281 754 1312 ex
795 1273 964 1313 centro
1009 1266 1093 1327 qui
1134 1266 1415 1314 continetur
1451 1266 1582 1314 inter
1621 1266 1668 1314 A
1691 1266 1749 1326 B,
1796 1274 1846 1316 et

471 1339 677 1386 eandem
708 1339 754 1386 A
778 1339 847 1394 B;
886 1340 999 1402 quia
1040 1340 1371 1402 contingentis
1407 1347 1521 1403 pars
1558 1340 1693 1389 nulla
1733 1341 1846 1390 sub-
1896 1333 1909 1341 “

470 1415 672 1462 tendere
717 1431 884 1462 arcum
928 1423 1108 1477 potest,
1155 1415 1241 1462 sed
1284 1424 1341 1462 ut
1390 1415 1552 1478 ipsum
1606 1423 1844 1479 punctum

471 1498 727 1538 contactus
751 1506 841 1553 pro
862 1490 1108 1546 subtensa‚
1142 1490 1212 1537 ita
1245 1489 1453 1552 angulus
1491 1490 1843 1553 contingentiae

469 1581 559 1628 pro
583 1566 762 1628 angulo
787 1574 989 1613 externo
1013 1565 1266 1613 habendus
1282 1565 1360 1623 sit,
1382 1572 1431 1612 et
1444 1565 1643 1628 aequalis
1662 1565 1843 1628 angulo
1890 1583 1908 1611 1:

471 1641 608 1703 cujus
633 1656 774 1687 arcus
799 1640 862 1687 sit
885 1640 1013 1687 idem
1036 1647 1276 1702 punctum
1303 1640 1359 1686 B.

537 1715 781 1763 Quoniam
819 1722 982 1761 autem
1006 1714 1212 1777 angulus
1237 1715 1288 1762 in
1311 1730 1492 1777 genere
1516 1714 1762 1773 definitur,
1786 1722 1842 1763 ut

470 1790 534 1836 sit
569 1790 757 1852 apertio
795 1789 895 1836 sive
938 1789 1241 1851 divergentia
1277 1789 1483 1836 duarum
1510 1788 1749 1836 linearum
1789 1789 1840 1837 in

469 1880 567 1911 uno
590 1872 775 1927 puncto
801 1863 1225 1918 concurrentium3
1262 1872 1337 1910 est
1351 1870 1515 1911 autem
1534 1879 1633 1911 una
1651 1864 1840 1926 apertio
1903 1882 1905 1884 ·

467 1941 624 2002 major
660 1956 805 2002 quam
827 1939 938 1998 alia,
969 1939 1116 1986 etiam
1151 1954 1238 2001 per
1272 1938 1639 2001 generationem
1673 1939 1839 2002 anguli

467 2015 846 2077 contingentiae;
883 2013 1052 2077 negari
1076 2029 1176 2060 non
1198 2020 1363 2076 potest
1382 2013 1500 2076 quin
1528 2013 1735 2076 angulus
1758 2014 1839 2062 ille

466 2090 715 2152 quantitas
740 2090 833 2144 sit;
868 2089 1146 2151 ubicunque
1167 2088 1296 2135 enim
1316 2095 1391 2135 est
1409 2089 1564 2151 majus
1589 2096 1639 2135 et
1661 2089 1836 2149 minus,

463 2164 533 2211 ibi
578 2180 774 2227 quoque
821 2172 896 2212 est
942 2164 1206 2227 quantitas.
1299 2163 1395 2210 Sed
1442 2164 1690 2226 quantitas
1731 2164 1837 2212 haec

465 2239 692 2287 consistit
714 2240 765 2287 in
784 2241 969 2302 majore
995 2248 1044 2286 et
1066 2240 1254 2286 minore
1274 2239 1519 2286 flectione.
1589 2238 1717 2286 Nam
1737 2255 1835 2302 quo

462 2316 619 2377 major
639 2322 714 2362 est
738 2315 906 2362 circuli
944 2314 1351 2373 circumferentia,
1372 2330 1429 2362 eo
1465 2314 1620 2377 magis
1644 2314 1835 2363 accedit
1903 2359 1917 2366 „

463 2390 527 2437 ad
548 2397 776 2437 naturam
814 2390 954 2437 lineae
987 2397 1164 2444 rectae3
1201 2389 1438 2451 siquidem
1473 2397 1580 2436 tota
1614 2389 1832 2437 curvatio

467 2464 598 2527 (quae
621 2466 678 2512 fit
706 2465 820 2512 dum
845 2481 871 2512 e
894 2473 1030 2512 recta
1061 2465 1119 2511 fit
1154 2464 1323 2511 circuli
1353 2464 1649 2527 peripheria)
1676 2465 1833 2527 major

462 2547 537 2586 est
556 2539 799 2603 applicata
822 2539 885 2587 ad
907 2539 1145 2586 minorem
1168 2547 1368 2586 rectam.
1405 2538 1620 2601 Ideoque
1636 2538 1832 2601 quando

460 2615 623 2677 plures
661 2615 829 2662 circuli
869 2615 1163 2677 contingunt
1203 2614 1407 2661 eandem
1441 2621 1642 2672 rectam,
1676 2614 1831 2676 major

462 2697 537 2738 est
569 2690 775 2752 angulus
799 2688 1147 2752 contingentiae
1172 2689 1256 2750 qui
1282 2689 1339 2736 fit
1378 2705 1489 2736 cum
1525 2688 1713 2736 minore
1736 2688 1830 2736 cir-

461 2765 587 2822 culo,
613 2781 759 2827 quam
783 2764 866 2828 qui
888 2765 945 2811 fit
969 2780 1079 2810 cum
1101 2764 1300 2826 majore.

527 2839 663 2886 Nihil
694 2855 811 2902 ergo
847 2839 1035 2886 addunt
1069 2854 1228 2900 neque
1255 2838 1478 2885 adimunt
1509 2837 1688 2901 angulo
1713 2837 1826 2884 sim-

458 2914 652 2977 pliciter
671 2914 803 2962 dicto
828 2913 982 2962 additi
995 2913 1072 2962 vel
1096 2913 1311 2976 adempti
1326 2920 1641 2975 quotcunque
1659 2911 1826 2975 anguli
