1936 3262
460 241 550 285 126
843 253 1221 288 PHILOSOPHIA
1246 254 1437 289 PRIMA.

230 365 412 440 PA11³281L
456 363 704 425 quantitas
741 365 914 424 omnis,
954 381 1064 429 quae
1098 373 1236 413 motu
1273 365 1573 429 designatur,
1605 367 1834 416 continua

227 433 415 479 *ἣτ’-υ
455 437 662 487 dicatur.
732 439 947 488 Nomina
969 447 1134 487 autem
1169 442 1453 499 numeralia,
1490 449 1548 489 ut
1579 457 1834 491 numerum

455 522 718 576 exponant,
758 515 930 563 ordine
977 523 1027 562 et
1071 516 1356 564 memoriter
1395 516 1594 564 recitari
1637 517 1832 578 debent,

454 596 511 635 ut
546 605 713 648 unum,
753 590 866 648 duo,
909 590 1020 647 tria,
1045 591 1128 637 &c.
1153 606 1266 638 nam
1302 588 1406 639 etsi
1432 592 1540 655 quis
1580 591 1713 641 dicat
1749 593 1832 653 sic,

454 680 622 721 unum,
657 681 825 724 unum,
849 681 1018 723 unum,
1044 667 1127 713 &c.
1165 682 1423 714 numerum
1460 675 1625 716 tamen
1660 669 1832 728 nescit,

454 738 549 786 nisi
571 739 699 787 forte
722 740 967 788 binarium
990 748 1075 787 aut
1095 741 1378 799 ternarium,
1400 743 1538 805 cujus
1558 743 1834 792 meminisse

456 814 653 876 quidem
687 823 868 878 potest,
903 815 990 862 sed
1023 823 1080 863 ut
1119 815 1291 878 figurae
1333 817 1601 880 cujusdam,
1641 833 1742 866 non
1777 826 1835 867 ut

453 905 661 938 numeri.

215 966 387 1050 3332&
520 971 567 1013 6.
592 966 671 1014 Ad
696 966 1052 1030 expositionem
1075 973 1241 1014 autem
1264 966 1554 1025 velocitatis,
1583 966 1729 1031 (quae,
1746 983 1835 1031 per

214 1053 374 1084 velocitas.
455 1039 806 1099 definitionem,
843 1048 919 1088 est
941 1049 1104 1088 motus
1129 1057 1224 1103 (1110
1251 1048 1439 1088 certum
1463 1042 1675 1105 spatium
1698 1050 1833 1091 certo

453 1122 675 1178 tempore
714 1116 1056 1179 percurritur,)
1097 1116 1364 1179 requiritur
1399 1124 1506 1164 tum
1545 1125 1602 1165 ut
1641 1124 1833 1181 tempus

453 1200 743 1255 exponatur,
781 1200 888 1239 tum
925 1192 1074 1239 etiam
1112 1200 1168 1239 ut
1209 1191 1330 1239 illud
1372 1191 1599 1254 spatium,
1639 1193 1772 1256 quod
1804 1209 1835 1241 a

452 1267 637 1325 mobili,
685 1266 825 1329 cujus
869 1267 1182 1314 velocitatem
1229 1267 1554 1315 determinare
1592 1268 1832 1327 volumus,

453 1342 887 1390 transmittendum
912 1350 987 1389 est
1011 1342 1287 1405 expositum
1310 1342 1390 1399 sit,
1426 1349 1477 1389 et
1498 1342 1551 1391 in
1574 1358 1632 1390 eo
1655 1343 1834 1392 mobile
1883 1371 1896 1397 -;

451 1417 640 1466 moveri
657 1418 976 1481 intelligatur.
1047 1417 1167 1464 Duae
1187 1417 1353 1480 itaque
1371 1417 1514 1464 lineae
1532 1418 1834 1480 exponendae

453 1500 582 1551 sunt,
621 1493 776 1540 altera
814 1508 959 1555 super
997 1508 1142 1555 quam
1178 1491 1483 1554 intelligatur
1522 1493 1630 1541 fieri
1669 1501 1832 1542 motus
1868 1529 1870 1533 ·

451 1567 725 1627 uniformis,
746 1575 802 1615 ut
822 1576 1014 1630 tempus
1031 1574 1219 1614 certum
1239 1567 1303 1614 sit
1320 1587 1331 1622 ;
1357 1567 1512 1615 altera
1527 1583 1673 1631 super
1688 1584 1833 1631 quam

451 1643 686 1690 velocitas
728 1642 1026 1690 aestimetur:
1084 1649 1141 1689 ut
1188 1642 1228 1689 si
1273 1641 1583 1691 velocitatem
1628 1643 1833 1693 velimus
1888 1670 1891 1671 ⁷

454 1733 698 1780 exponere
744 1717 939 1764 mobilis
985 1716 1046 1774 A,
1098 1716 1330 1764 ducemus
1377 1716 1498 1764 duas

450 1792 604 1840 lineas
628 1793 673 1839 A
689 1793 745 1849 B,
770 1800 819 1839 et
843 1792 882 1839 C
897 1793 957 1850 D,
986 1799 1035 1839 et
1054 1792 1233 1839 mobile
1250 1791 1302 1839 in
1321 1791 1359 1838 C
1379 1807 1499 1854 quo-
1546 1762 1591 1809 A
1790 1762 1831 1810 B

453 1883 548 1930 que
601 1875 902 1922 statuemus3
961 1874 1067 1914 tum
1115 1882 1233 1914 vero
1281 1866 1497 1914 dicemus
1548 1871 1587 1919 C
1785 1871 1830 1919 D

449 1943 763 1991 velocitatem
786 1942 979 1990 mobilis
1003 1942 1048 1989 A
1067 1948 1258 1988 tantam
1277 1957 1398 1999 esse,
1422 1948 1479 1988 ut

448 2025 705 2080 percurrat
742 2017 922 2065 lineam
955 2016 999 2064 A
1015 2016 1055 2063 B
1091 2015 1264 2063 eodem
1288 2023 1508 2079 tempore
1532 2031 1628 2078 quo
1651 2015 1831 2063 mobile

452 2093 491 2140 C
513 2099 769 2156 percurret
787 2092 968 2140 lineam
993 2091 1031 2139 C
1047 2092 1091 2139 D
1115 2099 1254 2139 motu
1275 2091 1523 2139 uniformi.

211 2183 380 2216 Quomodo
517 2171 563 2222 7.
599 2167 796 2216 Pondus
842 2175 1007 2215 autem
1053 2166 1314 2229 exponitur
1366 2182 1455 2229 per
1503 2165 1829 2229 quodcunque

208 2233 377 2312 {ssffiffiur
451 2260 627 2307 corpus
674 2259 838 2306 grave,
886 2244 1219 2306 cujuscunque
1264 2241 1497 2299 materiae‚
1558 2240 1705 2289 modo
1765 2240 1829 2288 sit

450 2319 669 2382 ejusdem
692 2334 883 2381 semper
906 2317 1179 2381 gravitatis.

211 2401 379 2434 Quomodo
516 2400 561 2442 8.
599 2394 744 2441 Ratio
797 2401 961 2440 autem
1017 2392 1220 2439 duarum
1276 2390 1670 2454 magnitudinum
1722 2397 1829 2437 tum

210 2445 376 2485 exponitur

209 2489 290 2537 rofio
305 2498 393 2527 mag·
449 2470 710 2533 exponitur
734 2468 929 2531 quando
953 2468 1072 2530 ipsae
1097 2474 1409 2529 exponuntur
1433 2464 1792 2528 magnitudines
1814 2484 1825 2518 ;

210 2531 408 2563 mtudinum.
447 2546 678 2593 nimirum
701 2544 827 2591 ratio
851 2543 1110 2606 aequalium
1142 2541 1338 2604 quando
1375 2541 1608 2604 expositae
1643 2539 1828 2602 magni-

448 2621 643 2667 tudines
682 2627 796 2667 sunt
834 2618 1079 2680 aequales3
1115 2617 1241 2665 ratio
1279 2616 1592 2678 inaequalium
1631 2614 1826 2678 quando

449 2696 683 2758 expositae
696 2693 1058 2757 magnitudines
1079 2700 1192 2739 sunt
1206 2691 1485 2753 inaequales.
1556 2690 1679 2737 Cum
1698 2689 1826 2737 enim

447 2771 575 2818 ratio
598 2770 910 2832 inaequalium
932 2784 1020 2831 per
1044 2784 1149 2830 cap.
1173 2766 1471 2830 praecedens,
1496 2765 1755 2813 articulum
1779 2770 1824 2822 5,

449 2846 687 2894 consistat
729 2846 779 2894 in
818 2844 1092 2893 differentia
1130 2843 1345 2905 ipsarum
1389 2848 1670 2904 comparata
1715 2855 1824 2888 cum
