1910 3256
202 357 318 390 PARS
336 358 393 390 IV.

274 403 327 433 25.

188 493 221 524 N
224 498 321 525 aturae
331 495 429 525 senti-

187 537 271 568 entis
296 537 427 568 investi-

185 580 280 620 gatio,
292 585 323 611 et
333 581 430 612 sensi-

190 623 258 654 onis
274 623 427 656 definitio.

448 231 541 274 318
1007 243 1257 277 PHYSICA.

444 359 604 407 mata;
641 359 690 401 et
710 354 888 416 partim
912 354 1058 401 etiam
1082 361 1306 402 naturam
1331 356 1450 418 ejus,
1475 369 1665 418 nempe,
1689 356 1823 420 quod

445 427 508 475 sit
530 435 691 476 motus
714 429 887 492 aliquis
909 429 1131 476 internus
1154 430 1205 476 in
1228 430 1487 478 sentiente.

512 504 771 551 Ostensum
795 512 869 552 est
891 511 1142 566 praeterea,
1164 505 1289 567 (cap.
1308 520 1433 553 vul.
1451 513 1542 552 art.
1563 506 1614 566 7)
1633 513 1821 553 motum

445 578 538 625 nisi
569 595 598 625 a
631 586 763 626 moto
797 586 845 626 et
880 579 1110 641 contiguo
1139 580 1363 641 generari
1387 596 1487 627 non
1510 595 1667 642 posse.
1749 579 1821 627 Ex

446 669 542 716 quo
566 654 854 717 intelligitur
880 654 1114 701 sensionis
1137 654 1468 702 immediatam
1502 670 1698 702 causam
1721 670 1827 702 esse.

444 729 494 776 in
527 745 600 787 eo,
631 729 762 792 quod
794 729 1029 776 sensionis
1065 745 1302 791 organum
1335 730 1547 792 primum
1578 737 1628 778 et
1661 730 1821 793 tangit

445 810 494 850 et
515 804 707 866 premit.
776 803 827 850 Si
851 804 981 851 enim
1005 804 1177 866 organi
1212 820 1324 866 pars
1348 805 1530 852 extima
1551 811 1834 867 prematur,⁴

443 877 526 925 illa
563 878 765 925 cedente
804 885 1053 940 premetur
1095 894 1288 940 quoque
1332 895 1459 941 pars,
1510 895 1620 942 quae
1655 894 1848 927 versusv
1909 877 1910 884 ἶ

443 951 677 1000 interiora
699 953 768 1000 illi
781 953 1004 1015 proxima
1019 959 1105 1010 est,
1123 960 1172 999 et
1191 953 1260 1000 ita
1274 953 1624 1016 propagabitur
1638 954 1822 1016 pressio

445 1027 544 1074 sive
568 1035 728 1074 motus
752 1028 831 1074 ille
855 1043 942 1089 per
977 1035 1141 1090 partes
1177 1028 1347 1090 organi
1376 1044 1543 1075 omnes
1570 1044 1725 1091 usque
1760 1029 1823 1077 ad
1880 1039 1882 1041 ’

444 1102 679 1149 intimam.
751 1102 1175 1150 Quemadmodum
1200 1111 1247 1149 et
1272 1102 1454 1165 pressio
1480 1103 1676 1151 extimae
1712 1119 1823 1167 pro-

446 1177 575 1224 cedit
612 1178 672 1224 ab
708 1177 870 1240 aliqua
902 1177 1148 1239 pressione
1185 1177 1401 1240 eorporis
1436 1179 1739 1234 remotioris;
1774 1187 1823 1227 et
1865 1223 1868 1225 ,

445 1252 513 1299 sic
549 1260 800 1315 perpetuo,
838 1252 994 1299 donec
1027 1252 1250 1299 veniatur
1290 1252 1353 1299 ad
1386 1253 1438 1300 id
1471 1269 1500 1300 a
1538 1269 1633 1316 quo
1670 1253 1825 1316 phan-
1878 1280 1879 1283 =

445 1334 602 1374 tasma
623 1328 796 1390 ipsum,
822 1327 954 1390 quod
977 1344 1006 1374 a
1028 1328 1248 1374 sensione
1271 1328 1342 1386 fit,
1359 1335 1593 1391 tanquam
1617 1345 1646 1376 a
1666 1329 1823 1391 primo
1877 1376 1892 1386 ,,

444 1402 581 1450 fonte
597 1403 804 1450 derivari.
814 1402 1103 1466 judicamus.
1164 1402 1291 1449 Illud
1306 1410 1483 1461 autem,
1501 1403 1824 1467 quodcunque

445 1478 515 1524 rei
555 1478 633 1535 sit,
671 1479 915 1541 objectum
961 1477 1126 1525 vocari
1163 1477 1302 1524 solet.
1374 1478 1461 1525 Est
1506 1493 1622 1540 ergo
1668 1479 1823 1527 sensio

445 1560 606 1600 motus
646 1553 698 1599 in
739 1553 979 1600 sentiente
1016 1551 1191 1614 aliquis
1227 1552 1463 1611 internus,
1480 1562 1489 1566 “
1505 1560 1763 1615 generatus
1795 1569 1826 1601 a

447 1634 587 1675 motu
617 1627 779 1690 aliquo
815 1621 1029 1690 partium
1064 1626 1243 1690 objecti
1278 1627 1594 1686 internarum,
1630 1634 1680 1675 et
1712 1644 1825 1691 pro·
1877 1623 1888 1655 '-

446 1710 653 1765 pagatus
698 1718 785 1765 per
829 1702 989 1749 media
1033 1701 1097 1748 ad
1138 1702 1309 1764 organi
1354 1709 1543 1764 partem
1588 1703 1822 1750 intimam.
1874 1751 1886 1764 „

450 1778 640 1826 Quibus
663 1777 840 1834 verbis,
867 1776 984 1838 quid
1007 1776 1167 1823 sensio
1193 1776 1270 1834 sit,
1295 1777 1397 1824 fere
1422 1777 1741 1826 definivimus.

515 1853 776 1900 Ostensum
798 1852 916 1899 item
939 1859 1013 1898 est
1040 1851 1165 1914 (cap.
1191 1867 1284 1899 xv.
1306 1859 1398 1899 art.
1424 1853 1476 1915 2)
1503 1852 1824 1900 resistentiam
1879 1894 1885 1897 .

449 1945 642 1976 omnem
671 1943 773 1975 esse
805 1928 1003 1974 conatui
1034 1934 1263 1974 conatum
1299 1928 1615 1984 contrarium,
1649 1927 1702 1975 id
1735 1935 1821 1987 est,
1878 1982 1881 1985 Γ

447 2004 759 2050 reactionem.
831 2003 1076 2051 Quoniam
1097 2002 1269 2065 igitur
1309 2003 1479 2061 motui,
1525 2004 1585 2051 ab
1632 2003 1830 2066 objector

447 2094 536 2141 per
565 2078 727 2126 media
761 2077 825 2125 ad
857 2078 1027 2141 organi
1060 2085 1251 2140 partem
1284 2077 1505 2126 intimam
1539 2085 1821 2142 propagato,
1874 2085 1882 2125 f

448 2155 505 2201 fit
527 2154 689 2217 aliqua
710 2153 862 2201 totius
891 2153 1062 2215 organi
1093 2152 1369 2200 resistentia
1395 2153 1494 2200 sive
1529 2153 1711 2201 reactio
1738 2168 1824 2217 per

447 2237 638 2277 motum
660 2229 809 2291 ipsius
834 2228 1006 2291 organi
1027 2228 1272 2275 internum
1291 2227 1579 2286 naturalem,
1602 2228 1659 2276 fit
1679 2244 1815 2292 prop-

448 2312 582 2352 terea
611 2304 809 2352 conatui
837 2303 898 2350 ab
931 2304 1122 2366 objecto
1160 2310 1364 2350 conatus
1398 2304 1459 2350 ab
1496 2319 1679 2366 organo
1709 2319 1821 2352 con-

448 2380 652 2434 trarius;
699 2386 756 2426 ut
799 2394 910 2425 cum
956 2385 1158 2425 conatus
1198 2378 1278 2425 ille
1317 2378 1382 2425 ad
1416 2378 1589 2425 intima
1627 2378 1821 2426 ultimus

450 2463 587 2502 actus
625 2454 688 2501 sit
725 2469 891 2500 eorum
927 2453 1009 2515 qui
1036 2453 1161 2500 fiunt
1194 2453 1245 2500 in
1279 2460 1393 2500 actu
1429 2453 1677 2512 sensionis,
1717 2461 1820 2501 tum

450 2529 645 2576 demum
669 2544 729 2576 ex
753 2545 810 2576 ea
839 2528 1086 2575 reactione
1121 2528 1403 2590 aliquandiu
1433 2528 1639 2576 durante
1665 2529 1820 2592 ipsum

450 2604 616 2651 existit
649 2604 966 2667 phantasma3
1004 2602 1136 2665 quod
1166 2610 1368 2665 propter
1402 2610 1631 2650 conatum
1657 2619 1819 2652 versus

452 2687 668 2737 externa,
700 2694 888 2741 semper
910 2678 1102 2726 videtur
1130 2677 1352 2739 (φαίνεται)
1382 2684 1613 2741 tanquam
1639 2677 1819 2742 aliquid

451 2755 595 2802 situm
623 2761 760 2802 extra
792 2770 1042 2817 organum.
1113 2753 1456 2800 Definitionem
1491 2769 1607 2816 ergo
1641 2753 1818 2802 sensio-

450 2830 539 2888 nis,
587 2846 788 2892 eamque
835 2846 893 2876 ex
940 2844 1193 2877 causarum
1245 2830 1347 2892 ejus
1401 2829 1719 2892 explicatione
1769 2836 1817 2876 et

1860 3215 1910 3256 ²1¹2
