<?xml version="1.0" encoding="UTF-8"?>
<!DOCTYPE html PUBLIC "-//W3C//DTD XHTML 1.0 Transitional//EN"
    "http://www.w3.org/TR/xhtml1/DTD/xhtml1-transitional.dtd">
<html xmlns="http://www.w3.org/1999/xhtml" xml:lang="en" lang="en">
 <head>
  <title>
</title>
<meta http-equiv="Content-Type" content="text/html;charset=utf-8" />
  <meta name='ocr-system' content='tesseract 3.04.00' />
  <meta name='ocr-capabilities' content='ocr_page ocr_carea ocr_par ocr_line ocrx_word'/>
</head>
<body>
  <div class='ocr_page' id='page_1' title='image "./operaphilosophic01hobbuoft_0452.png"; bbox 0 0 1910 3256; ppageno 0'>
   <div class='ocr_carea' id='block_1_1' title="bbox 1813 0 1886 131">
    <p class='ocr_par' dir='ltr' id='par_1_1' title="bbox 1813 0 1886 131">
     <span class='ocr_line' id='line_1_1' title="bbox 1813 0 1886 131; baseline 0 -57"><span class='ocrx_word' id='word_1_1' title='bbox 1813 0 1886 131; x_wconf 44' lang='grc' dir='ltr'>ἕξ</span> 
     </span>
    </p>
   </div>
   <div class='ocr_carea' id='block_1_2' title="bbox 183 345 1822 709">
    <p class='ocr_par' dir='ltr' id='par_1_2' title="bbox 188 345 1810 424">
     <span class='ocr_line' id='line_1_2' title="bbox 188 345 1810 424; baseline 0.001 -30"><span class='ocrx_word' id='word_1_2' title='bbox 188 350 301 424; x_wconf 51' lang='grc' dir='ltr'><strong>ΡΑῙΞΞ</strong></span> <span class='ocrx_word' id='word_1_3' title='bbox 318 350 377 382; x_wconf 79' lang='lat' dir='ltr'>IV·</span> <span class='ocrx_word' id='word_1_4' title='bbox 436 345 790 409; x_wconf 85' lang='lat' dir='ltr'><strong>apparitionum</strong></span> <span class='ocrx_word' id='word_1_5' title='bbox 825 346 1055 405; x_wconf 88' lang='lat' dir='ltr'>historiis,</span> <span class='ocrx_word' id='word_1_6' title='bbox 1090 347 1430 409; x_wconf 84' lang='lat' dir='ltr'>phantasmata</span> <span class='ocrx_word' id='word_1_7' title='bbox 1461 345 1714 394; x_wconf 85' lang='lat' dir='ltr'>horribilia</span> <span class='ocrx_word' id='word_1_8' title='bbox 1757 346 1810 395; x_wconf 89' lang='lat' dir='ltr'>in</span> 
     </span>
    </p>

    <p class='ocr_par' dir='ltr' id='par_1_3' title="bbox 197 405 1820 635">
     <span class='ocr_line' id='line_1_3' title="bbox 197 405 1820 484; baseline 0.002 -19"><span class='ocrx_word' id='word_1_9' title='bbox 197 405 395 465; x_wconf 41' lang='grc' dir='ltr'>»ἐζ-κ’</span> <span class='ocrx_word' id='word_1_10' title='bbox 439 421 599 469; x_wconf 90' lang='lat' dir='ltr'>animo</span> <span class='ocrx_word' id='word_1_11' title='bbox 623 421 867 479; x_wconf 85' lang='lat' dir='ltr'>excitavit,</span> <span class='ocrx_word' id='word_1_12' title='bbox 893 437 1002 484; x_wconf 89' lang='lat' dir='ltr'>quae</span> <span class='ocrx_word' id='word_1_13' title='bbox 1037 429 1340 484; x_wconf 90' lang='lat' dir='ltr'>spectrorum</span> <span class='ocrx_word' id='word_1_14' title='bbox 1365 429 1415 468; x_wconf 91' lang='lat' dir='ltr'>et</span> <span class='ocrx_word' id='word_1_15' title='bbox 1434 421 1820 468; x_wconf 53' lang='lat' dir='ltr'>substantiarum&gt;</span> 
     </span>
     <span class='ocr_line' id='line_1_4' title="bbox 440 495 1815 559; baseline -0.001 -15"><span class='ocrx_word' id='word_1_16' title='bbox 440 497 837 559; x_wconf 89' lang='lat' dir='ltr'>incorporearum</span> <span class='ocrx_word' id='word_1_17' title='bbox 860 496 1060 544; x_wconf 89' lang='lat' dir='ltr'>nomina</span> <span class='ocrx_word' id='word_1_18' title='bbox 1091 513 1180 559; x_wconf 91' lang='lat' dir='ltr'>pro</span> <span class='ocrx_word' id='word_1_19' title='bbox 1214 497 1341 544; x_wconf 89' lang='lat' dir='ltr'>veris</span> <span class='ocrx_word' id='word_1_20' title='bbox 1375 497 1519 544; x_wconf 90' lang='lat' dir='ltr'>rebus</span> <span class='ocrx_word' id='word_1_21' title='bbox 1543 495 1815 559; x_wconf 86' lang='lat' dir='ltr'><strong>imposuere</strong></span> 
     </span>
     <span class='ocr_line' id='line_1_5' title="bbox 445 572 783 635; baseline -0.006 -15"><span class='ocrx_word' id='word_1_22' title='bbox 445 579 494 620; x_wconf 89' lang='lat' dir='ltr'>et</span> <span class='ocrx_word' id='word_1_23' title='bbox 512 572 783 635; x_wconf 86' lang='lat' dir='ltr'>imponunt.</span> 
     </span>
    </p>

    <p class='ocr_par' dir='ltr' id='par_1_4' title="bbox 183 644 1822 709">
     <span class='ocr_line' id='line_1_6' title="bbox 183 644 1822 709; baseline -0.001 -15"><span class='ocrx_word' id='word_1_24' title='bbox 183 654 343 684; x_wconf 78' lang='lat' dir='ltr'>Sensuum</span> <span class='ocrx_word' id='word_1_25' title='bbox 360 663 415 693; x_wconf 77' lang='lat' dir='ltr'>ge·</span> <span class='ocrx_word' id='word_1_26' title='bbox 520 652 593 694; x_wconf 90' lang='lat'>10.</span> <span class='ocrx_word' id='word_1_27' title='bbox 631 646 870 693; x_wconf 85' lang='lat' dir='ltr'>Sensuum</span> <span class='ocrx_word' id='word_1_28' title='bbox 893 646 1148 694; x_wconf 86' lang='lat' dir='ltr'>observata</span> <span class='ocrx_word' id='word_1_29' title='bbox 1162 654 1276 694; x_wconf 90' lang='lat' dir='ltr'>sunt</span> <span class='ocrx_word' id='word_1_30' title='bbox 1299 646 1350 694; x_wconf 91' lang='lat' dir='ltr'>in</span> <span class='ocrx_word' id='word_1_31' title='bbox 1373 645 1616 709; x_wconf 87' lang='lat' dir='ltr'>plerisque</span> <span class='ocrx_word' id='word_1_32' title='bbox 1639 644 1822 692; x_wconf 58' lang='lat' dir='ltr'>anima„-</span> 
     </span>
    </p>
   </div>
   <div class='ocr_carea' id='block_1_3' title="bbox 183 707 415 736">
    <p class='ocr_par' dir='ltr' id='par_1_5' title="bbox 183 707 415 736">
     <span class='ocr_line' id='line_1_7' title="bbox 183 707 415 736; baseline -0.004 -8"><span class='ocrx_word' id='word_1_33' title='bbox 183 708 268 730; x_wconf 70' lang='lat' dir='ltr'>nera-</span> <span class='ocrx_word' id='word_1_34' title='bbox 286 707 415 736; x_wconf 73' lang='lat' dir='ltr'>Organa,</span> 
     </span>
    </p>
   </div>
   <div class='ocr_carea' id='block_1_4' title="bbox 182 719 1910 2885">
    <p class='ocr_par' dir='ltr' id='par_1_6' title="bbox 182 719 1824 789">
     <span class='ocr_line' id='line_1_8' title="bbox 182 719 1824 789; baseline -0.001 -19"><span class='ocrx_word' id='word_1_35' title='bbox 182 741 404 789; x_wconf 44' lang='lat' dir='ltr'>phantasmata</span> <span class='ocrx_word' id='word_1_36' title='bbox 449 722 575 770; x_wconf 91' lang='lat' dir='ltr'>libus</span> <span class='ocrx_word' id='word_1_37' title='bbox 619 737 801 784; x_wconf 88' lang='lat' dir='ltr'>genera</span> <span class='ocrx_word' id='word_1_38' title='bbox 846 721 1075 784; x_wconf 90' lang='lat' dir='ltr'>quinque,</span> <span class='ocrx_word' id='word_1_39' title='bbox 1131 728 1236 768; x_wconf 91' lang='lat' dir='ltr'>tum</span> <span class='ocrx_word' id='word_1_40' title='bbox 1289 721 1484 784; x_wconf 84' lang='lat' dir='ltr'>organis</span> <span class='ocrx_word' id='word_1_41' title='bbox 1529 729 1634 768; x_wconf 90' lang='lat' dir='ltr'>tum</span> <span class='ocrx_word' id='word_1_42' title='bbox 1678 719 1824 768; x_wconf 85' lang='lat' dir='ltr'>etiam</span> 
     </span>
    </p>

    <p class='ocr_par' dir='ltr' id='par_1_7' title="bbox 183 788 1910 2885">
     <span class='ocr_line' id='line_1_9' title="bbox 183 788 1910 868; baseline -0.001 -24"><span class='ocrx_word' id='word_1_43' title='bbox 183 788 378 859; x_wconf 56' lang='grc' dir='ltr'>Ξζζξζζζζῃξζ</span> <span class='ocrx_word' id='word_1_44' title='bbox 449 798 844 861; x_wconf 82' lang='lat' dir='ltr'>phantasmatum</span> <span class='ocrx_word' id='word_1_45' title='bbox 879 812 1058 860; x_wconf 85' lang='lat' dir='ltr'>genere</span> <span class='ocrx_word' id='word_1_46' title='bbox 1092 796 1334 844; x_wconf 88' lang='lat' dir='ltr'>distincta.</span> <span class='ocrx_word' id='word_1_47' title='bbox 1419 796 1580 854; x_wconf 88' lang='lat' dir='ltr'>Visus,</span> <span class='ocrx_word' id='word_1_48' title='bbox 1616 794 1831 854; x_wconf 62' lang='lat' dir='ltr'>auditus,</span> <span class='ocrx_word' id='word_1_49' title='bbox 1908 802 1910 868; x_wconf 48' lang='lat'>1</span> 
     </span>
     <span class='ocr_line' id='line_1_10' title="bbox 452 870 1910 935; baseline -0.003 -14"><span class='ocrx_word' id='word_1_50' title='bbox 452 872 672 930; x_wconf 87' lang='lat' dir='ltr'>olfactus,</span> <span class='ocrx_word' id='word_1_51' title='bbox 744 878 930 935; x_wconf 90' lang='lat' dir='ltr'>gustus,</span> <span class='ocrx_word' id='word_1_52' title='bbox 993 879 1042 920; x_wconf 88' lang='lat' dir='ltr'>et</span> <span class='ocrx_word' id='word_1_53' title='bbox 1091 880 1283 927; x_wconf 89' lang='lat' dir='ltr'>tactus;</span> <span class='ocrx_word' id='word_1_54' title='bbox 1355 887 1538 934; x_wconf 90' lang='lat' dir='ltr'>organa</span> <span class='ocrx_word' id='word_1_55' title='bbox 1593 870 1829 926; x_wconf 76' lang='lat' dir='ltr'>habentes</span> <span class='ocrx_word' id='word_1_56' title='bbox 1909 878 1910 885; x_wconf 59' lang='lat'>¹</span> 
     </span>
     <span class='ocr_line' id='line_1_11' title="bbox 451 944 1888 1010; baseline -0.001 -15"><span class='ocrx_word' id='word_1_57' title='bbox 451 947 630 1010; x_wconf 88' lang='lat' dir='ltr'>partim</span> <span class='ocrx_word' id='word_1_58' title='bbox 676 947 767 994; x_wconf 90' lang='lat' dir='ltr'>sibi</span> <span class='ocrx_word' id='word_1_59' title='bbox 803 947 1015 1010; x_wconf 87' lang='lat' dir='ltr'>propria,</span> <span class='ocrx_word' id='word_1_60' title='bbox 1052 948 1231 1010; x_wconf 90' lang='lat' dir='ltr'>partim</span> <span class='ocrx_word' id='word_1_61' title='bbox 1273 947 1496 994; x_wconf 89' lang='lat' dir='ltr'>omnibus</span> <span class='ocrx_word' id='word_1_62' title='bbox 1539 944 1832 994; x_wconf 74' lang='lat' dir='ltr'>communia..</span> <span class='ocrx_word' id='word_1_63' title='bbox 1868 974 1888 994; x_wconf 64' lang='grc' dir='ltr'><strong>ι</strong></span> 
     </span>
     <span class='ocr_line' id='line_1_12' title="bbox 451 1019 1830 1085; baseline -0.001 -16"><span class='ocrx_word' id='word_1_64' title='bbox 451 1022 595 1070; x_wconf 91' lang='lat' dir='ltr'>Visus</span> <span class='ocrx_word' id='word_1_65' title='bbox 637 1038 875 1085; x_wconf 86' lang='lat' dir='ltr'>organum</span> <span class='ocrx_word' id='word_1_66' title='bbox 911 1023 1092 1085; x_wconf 88' lang='lat' dir='ltr'>partim</span> <span class='ocrx_word' id='word_1_67' title='bbox 1132 1023 1415 1080; x_wconf 90' lang='lat' dir='ltr'>animatum,</span> <span class='ocrx_word' id='word_1_68' title='bbox 1457 1021 1636 1084; x_wconf 86' lang='lat' dir='ltr'>partim</span> <span class='ocrx_word' id='word_1_69' title='bbox 1674 1019 1830 1068; x_wconf 86' lang='lat' dir='ltr'>inani-</span> 
     </span>
     <span class='ocr_line' id='line_1_13' title="bbox 452 1097 1831 1159; baseline -0.001 -15"><span class='ocrx_word' id='word_1_70' title='bbox 452 1104 636 1144; x_wconf 87' lang='lat' dir='ltr'>matum</span> <span class='ocrx_word' id='word_1_71' title='bbox 652 1104 741 1145; x_wconf 88' lang='lat' dir='ltr'>est.</span> <span class='ocrx_word' id='word_1_72' title='bbox 801 1098 1128 1146; x_wconf 87' lang='lat' dir='ltr'>Inanimatum</span> <span class='ocrx_word' id='word_1_73' title='bbox 1143 1105 1257 1146; x_wconf 87' lang='lat' dir='ltr'>sunt</span> <span class='ocrx_word' id='word_1_74' title='bbox 1274 1106 1374 1146; x_wconf 91' lang='lat' dir='ltr'>tres</span> <span class='ocrx_word' id='word_1_75' title='bbox 1392 1097 1618 1159; x_wconf 85' lang='lat' dir='ltr'>liquores,</span> <span class='ocrx_word' id='word_1_76' title='bbox 1634 1110 1831 1158; x_wconf 82' lang='lat' dir='ltr'>aqueus,</span> 
     </span>
     <span class='ocr_line' id='line_1_14' title="bbox 454 1170 1830 1234; baseline 0 -16"><span class='ocrx_word' id='word_1_77' title='bbox 454 1172 552 1234; x_wconf 90' lang='lat' dir='ltr'>qui,</span> <span class='ocrx_word' id='word_1_78' title='bbox 567 1172 857 1234; x_wconf 89' lang='lat' dir='ltr'>interposita</span> <span class='ocrx_word' id='word_1_79' title='bbox 874 1175 1157 1221; x_wconf 89' lang='lat' dir='ltr'>membrana</span> <span class='ocrx_word' id='word_1_80' title='bbox 1178 1190 1304 1222; x_wconf 88' lang='lat' dir='ltr'>uvea</span> <span class='ocrx_word' id='word_1_81' title='bbox 1316 1173 1369 1220; x_wconf 90' lang='lat' dir='ltr'>in</span> <span class='ocrx_word' id='word_1_82' title='bbox 1392 1171 1552 1219; x_wconf 91' lang='lat' dir='ltr'>medio</span> <span class='ocrx_word' id='word_1_83' title='bbox 1569 1170 1830 1234; x_wconf 89' lang='lat' dir='ltr'>perforata,</span> 
     </span>
     <span class='ocr_line' id='line_1_15' title="bbox 457 1246 1833 1310; baseline 0 -17"><span class='ocrx_word' id='word_1_84' title='bbox 457 1246 589 1310; x_wconf 92' lang='lat' dir='ltr'>quod</span> <span class='ocrx_word' id='word_1_85' title='bbox 621 1246 841 1294; x_wconf 89' lang='lat' dir='ltr'>foramen</span> <span class='ocrx_word' id='word_1_86' title='bbox 874 1248 1060 1310; x_wconf 91' lang='lat' dir='ltr'>pupilla</span> <span class='ocrx_word' id='word_1_87' title='bbox 1094 1248 1289 1307; x_wconf 88' lang='lat' dir='ltr'>dicitur,</span> <span class='ocrx_word' id='word_1_88' title='bbox 1324 1247 1605 1295; x_wconf 84' lang='lat' dir='ltr'>continetur</span> <span class='ocrx_word' id='word_1_89' title='bbox 1640 1261 1702 1294; x_wconf 84' lang='lat' dir='ltr'>cx</span> <span class='ocrx_word' id='word_1_90' title='bbox 1736 1261 1833 1294; x_wconf 86' lang='lat' dir='ltr'>una</span> 
     </span>
     <span class='ocr_line' id='line_1_16' title="bbox 453 1320 1890 1387; baseline -0.001 -18"><span class='ocrx_word' id='word_1_91' title='bbox 453 1329 612 1386; x_wconf 86' lang='lat' dir='ltr'>parte,</span> <span class='ocrx_word' id='word_1_92' title='bbox 648 1321 808 1384; x_wconf 89' lang='lat' dir='ltr'>prima</span> <span class='ocrx_word' id='word_1_93' title='bbox 844 1323 972 1370; x_wconf 92' lang='lat' dir='ltr'>oculi</span> <span class='ocrx_word' id='word_1_94' title='bbox 1007 1324 1260 1386; x_wconf 87' lang='lat' dir='ltr'>superficie</span> <span class='ocrx_word' id='word_1_95' title='bbox 1303 1338 1546 1376; x_wconf 90' lang='lat' dir='ltr'>concava;</span> <span class='ocrx_word' id='word_1_96' title='bbox 1582 1337 1645 1369; x_wconf 87' lang='lat' dir='ltr'>ex</span> <span class='ocrx_word' id='word_1_97' title='bbox 1683 1320 1836 1368; x_wconf 81' lang='lat' dir='ltr'>altera</span> <span class='ocrx_word' id='word_1_98' title='bbox 1871 1372 1890 1387; x_wconf 9' lang='grc' dir='ltr'>γ’</span> 
     </span>
     <span class='ocr_line' id='line_1_17' title="bbox 455 1394 1835 1461; baseline -0.001 -17"><span class='ocrx_word' id='word_1_99' title='bbox 455 1403 610 1461; x_wconf 88' lang='lat' dir='ltr'>parte,</span> <span class='ocrx_word' id='word_1_100' title='bbox 634 1397 940 1459; x_wconf 88' lang='lat' dir='ltr'>processibus</span> <span class='ocrx_word' id='word_1_101' title='bbox 976 1398 1220 1445; x_wconf 90' lang='lat' dir='ltr'>ciliaribus</span> <span class='ocrx_word' id='word_1_102' title='bbox 1244 1405 1294 1445; x_wconf 90' lang='lat' dir='ltr'>et</span> <span class='ocrx_word' id='word_1_103' title='bbox 1315 1402 1598 1460; x_wconf 87' lang='lat' dir='ltr'>tegumento</span> <span class='ocrx_word' id='word_1_104' title='bbox 1619 1394 1835 1443; x_wconf 87' lang='lat' dir='ltr'>humoris</span> 
     </span>
     <span class='ocr_line' id='line_1_18' title="bbox 457 1469 1836 1535; baseline 0 -17"><span class='ocrx_word' id='word_1_105' title='bbox 457 1471 710 1519; x_wconf 87' lang='lat' dir='ltr'>cristallini</span> <span class='ocrx_word' id='word_1_106' title='bbox 731 1492 742 1526; x_wconf 90' lang='lat'>;</span> <span class='ocrx_word' id='word_1_107' title='bbox 783 1471 1092 1531; x_wconf 88' lang='lat' dir='ltr'>cristallinus,</span> <span class='ocrx_word' id='word_1_108' title='bbox 1118 1472 1216 1535; x_wconf 86' lang='lat' dir='ltr'>qui,</span> <span class='ocrx_word' id='word_1_109' title='bbox 1231 1472 1359 1520; x_wconf 92' lang='lat' dir='ltr'>inter</span> <span class='ocrx_word' id='word_1_110' title='bbox 1380 1479 1636 1534; x_wconf 85' lang='lat' dir='ltr'>processus</span> <span class='ocrx_word' id='word_1_111' title='bbox 1650 1469 1836 1518; x_wconf 82' lang='lat' dir='ltr'>ciliares</span> 
     </span>
     <span class='ocr_line' id='line_1_19' title="bbox 461 1544 1836 1610; baseline -0.001 -17"><span class='ocrx_word' id='word_1_112' title='bbox 461 1546 650 1594; x_wconf 90' lang='lat' dir='ltr'>medius</span> <span class='ocrx_word' id='word_1_113' title='bbox 684 1546 916 1609; x_wconf 87' lang='lat' dir='ltr'>pendens,</span> <span class='ocrx_word' id='word_1_114' title='bbox 951 1548 1110 1610; x_wconf 89' lang='lat' dir='ltr'>figura</span> <span class='ocrx_word' id='word_1_115' title='bbox 1143 1547 1207 1595; x_wconf 91' lang='lat' dir='ltr'>ad</span> <span class='ocrx_word' id='word_1_116' title='bbox 1240 1547 1525 1610; x_wconf 89' lang='lat' dir='ltr'>sphaericam</span> <span class='ocrx_word' id='word_1_117' title='bbox 1560 1544 1836 1603; x_wconf 81' lang='lat' dir='ltr'>accedente,</span> 
     </span>
     <span class='ocr_line' id='line_1_20' title="bbox 463 1618 1840 1684; baseline -0.001 -17"><span class='ocrx_word' id='word_1_118' title='bbox 463 1620 784 1668; x_wconf 86' lang='lat' dir='ltr'>consistentia</span> <span class='ocrx_word' id='word_1_119' title='bbox 830 1622 1080 1680; x_wconf 80' lang='lat' dir='ltr'>crassiore,</span> <span class='ocrx_word' id='word_1_120' title='bbox 1116 1622 1314 1684; x_wconf 87' lang='lat' dir='ltr'>propria</span> <span class='ocrx_word' id='word_1_121' title='bbox 1349 1620 1562 1669; x_wconf 91' lang='lat' dir='ltr'>cuticula</span> <span class='ocrx_word' id='word_1_122' title='bbox 1599 1618 1840 1683; x_wconf 86' lang='lat' dir='ltr'>pellucida</span> 
     </span>
     <span class='ocr_line' id='line_1_21' title="bbox 461 1694 1839 1758; baseline -0.001 -15"><span class='ocrx_word' id='word_1_123' title='bbox 461 1696 774 1758; x_wconf 89' lang='lat' dir='ltr'>undiquaque</span> <span class='ocrx_word' id='word_1_124' title='bbox 798 1696 1178 1752; x_wconf 85' lang='lat' dir='ltr'>determinatur3</span> <span class='ocrx_word' id='word_1_125' title='bbox 1206 1704 1255 1744; x_wconf 88' lang='lat' dir='ltr'>et</span> <span class='ocrx_word' id='word_1_126' title='bbox 1276 1697 1475 1755; x_wconf 86' lang='lat' dir='ltr'>vitreus,</span> <span class='ocrx_word' id='word_1_127' title='bbox 1501 1695 1584 1758; x_wconf 94' lang='lat' dir='ltr'>qui</span> <span class='ocrx_word' id='word_1_128' title='bbox 1606 1694 1839 1757; x_wconf 86' lang='lat' dir='ltr'>reliquam</span> 
     </span>
     <span class='ocr_line' id='line_1_22' title="bbox 463 1768 1842 1835; baseline -0.001 -16"><span class='ocrx_word' id='word_1_129' title='bbox 463 1771 591 1819; x_wconf 88' lang='lat' dir='ltr'>oculi</span> <span class='ocrx_word' id='word_1_130' title='bbox 613 1770 782 1833; x_wconf 88' lang='lat' dir='ltr'>implet</span> <span class='ocrx_word' id='word_1_131' title='bbox 805 1771 1076 1829; x_wconf 89' lang='lat' dir='ltr'>cavitatem,</span> <span class='ocrx_word' id='word_1_132' title='bbox 1102 1788 1256 1834; x_wconf 90' lang='lat' dir='ltr'>aqueo</span> <span class='ocrx_word' id='word_1_133' title='bbox 1293 1771 1488 1835; x_wconf 91' lang='lat' dir='ltr'>quidem</span> <span class='ocrx_word' id='word_1_134' title='bbox 1512 1770 1732 1828; x_wconf 88' lang='lat' dir='ltr'>crassior,</span> <span class='ocrx_word' id='word_1_135' title='bbox 1756 1768 1842 1817; x_wconf 84' lang='lat' dir='ltr'>sed</span> 
     </span>
     <span class='ocr_line' id='line_1_23' title="bbox 465 1844 1840 1910; baseline -0.001 -16"><span class='ocrx_word' id='word_1_136' title='bbox 465 1845 729 1894; x_wconf 87' lang='lat' dir='ltr'>cristallino</span> <span class='ocrx_word' id='word_1_137' title='bbox 760 1846 994 1894; x_wconf 87' lang='lat' dir='ltr'>subtilior.</span> <span class='ocrx_word' id='word_1_138' title='bbox 1047 1848 1162 1894; x_wconf 89' lang='lat' dir='ltr'>Pars</span> <span class='ocrx_word' id='word_1_139' title='bbox 1186 1847 1357 1910; x_wconf 89' lang='lat' dir='ltr'>organi</span> <span class='ocrx_word' id='word_1_140' title='bbox 1381 1847 1594 1894; x_wconf 89' lang='lat' dir='ltr'>animata</span> <span class='ocrx_word' id='word_1_141' title='bbox 1615 1844 1840 1903; x_wconf 85' lang='lat' dir='ltr'>occurrit,</span> 
     </span>
     <span class='ocr_line' id='line_1_24' title="bbox 465 1920 1839 1985; baseline -0.001 -17"><span class='ocrx_word' id='word_1_142' title='bbox 465 1921 639 1984; x_wconf 86' lang='lat' dir='ltr'>primo,</span> <span class='ocrx_word' id='word_1_143' title='bbox 663 1922 946 1969; x_wconf 88' lang='lat' dir='ltr'>membrana</span> <span class='ocrx_word' id='word_1_144' title='bbox 961 1922 1244 1969; x_wconf 90' lang='lat' dir='ltr'>choroeides</span> <span class='ocrx_word' id='word_1_145' title='bbox 1261 1938 1374 1985; x_wconf 87' lang='lat' dir='ltr'>pars</span> <span class='ocrx_word' id='word_1_146' title='bbox 1388 1920 1629 1984; x_wconf 89' lang='lat' dir='ltr'>meningis</span> <span class='ocrx_word' id='word_1_147' title='bbox 1644 1928 1839 1978; x_wconf 86' lang='lat' dir='ltr'>tenerae,</span> 
     </span>
     <span class='ocr_line' id='line_1_25' title="bbox 466 1994 1843 2059; baseline -0.001 -15"><span class='ocrx_word' id='word_1_148' title='bbox 466 1996 560 2044; x_wconf 91' lang='lat' dir='ltr'>nisi</span> <span class='ocrx_word' id='word_1_149' title='bbox 596 1996 727 2059; x_wconf 91' lang='lat' dir='ltr'>quod</span> <span class='ocrx_word' id='word_1_150' title='bbox 762 1997 972 2044; x_wconf 90' lang='lat' dir='ltr'>obducta</span> <span class='ocrx_word' id='word_1_151' title='bbox 995 1997 1039 2044; x_wconf 92' lang='lat' dir='ltr'>ei</span> <span class='ocrx_word' id='word_1_152' title='bbox 1074 1998 1137 2045; x_wconf 86' lang='lat' dir='ltr'>sit</span> <span class='ocrx_word' id='word_1_153' title='bbox 1172 1997 1390 2045; x_wconf 86' lang='lat' dir='ltr'>derivata</span> <span class='ocrx_word' id='word_1_154' title='bbox 1412 2013 1443 2044; x_wconf 90' lang='lat' dir='ltr'>a</span> <span class='ocrx_word' id='word_1_155' title='bbox 1463 1996 1674 2044; x_wconf 87' lang='lat' dir='ltr'>medulla</span> <span class='ocrx_word' id='word_1_156' title='bbox 1707 1994 1843 2043; x_wconf 85' lang='lat' dir='ltr'>nervi</span> 
     </span>
     <span class='ocr_line' id='line_1_26' title="bbox 469 2071 1842 2135; baseline 0 -17"><span class='ocrx_word' id='word_1_157' title='bbox 469 2071 621 2134; x_wconf 91' lang='lat' dir='ltr'>optici</span> <span class='ocrx_word' id='word_1_158' title='bbox 656 2071 838 2130; x_wconf 87' lang='lat' dir='ltr'>tunica,</span> <span class='ocrx_word' id='word_1_159' title='bbox 865 2088 973 2135; x_wconf 89' lang='lat' dir='ltr'>quae</span> <span class='ocrx_word' id='word_1_160' title='bbox 996 2073 1268 2135; x_wconf 89' lang='lat' dir='ltr'>appellatur</span> <span class='ocrx_word' id='word_1_161' title='bbox 1289 2073 1475 2127; x_wconf 84' lang='lat' dir='ltr'>retina3</span> <span class='ocrx_word' id='word_1_162' title='bbox 1512 2079 1562 2120; x_wconf 88' lang='lat' dir='ltr'>et</span> <span class='ocrx_word' id='word_1_163' title='bbox 1586 2088 1693 2135; x_wconf 87' lang='lat' dir='ltr'>quae</span> <span class='ocrx_word' id='word_1_164' title='bbox 1729 2071 1842 2119; x_wconf 90' lang='lat' dir='ltr'>cho-</span> 
     </span>
     <span class='ocr_line' id='line_1_27' title="bbox 470 2146 1843 2210; baseline 0 -17"><span class='ocrx_word' id='word_1_165' title='bbox 470 2146 681 2204; x_wconf 90' lang='lat' dir='ltr'>roeides,</span> <span class='ocrx_word' id='word_1_166' title='bbox 718 2163 830 2194; x_wconf 88' lang='lat' dir='ltr'>cum</span> <span class='ocrx_word' id='word_1_167' title='bbox 866 2147 930 2195; x_wconf 88' lang='lat' dir='ltr'>sit</span> <span class='ocrx_word' id='word_1_168' title='bbox 965 2164 1078 2210; x_wconf 91' lang='lat' dir='ltr'>pars</span> <span class='ocrx_word' id='word_1_169' title='bbox 1115 2148 1353 2210; x_wconf 89' lang='lat' dir='ltr'>meningis</span> <span class='ocrx_word' id='word_1_170' title='bbox 1394 2155 1590 2206; x_wconf 89' lang='lat' dir='ltr'>tenerae,</span> <span class='ocrx_word' id='word_1_171' title='bbox 1615 2146 1843 2194; x_wconf 80' lang='lat' dir='ltr'>continua</span> 
     </span>
     <span class='ocr_line' id='line_1_28' title="bbox 473 2222 1844 2286; baseline 0 -18"><span class='ocrx_word' id='word_1_172' title='bbox 473 2229 548 2269; x_wconf 87' lang='lat' dir='ltr'>est</span> <span class='ocrx_word' id='word_1_173' title='bbox 591 2237 744 2284; x_wconf 88' lang='lat' dir='ltr'>usque</span> <span class='ocrx_word' id='word_1_174' title='bbox 790 2222 853 2269; x_wconf 89' lang='lat' dir='ltr'>ad</span> <span class='ocrx_word' id='word_1_175' title='bbox 908 2222 1102 2270; x_wconf 91' lang='lat' dir='ltr'>initium</span> <span class='ocrx_word' id='word_1_176' title='bbox 1159 2223 1290 2286; x_wconf 95' lang='lat' dir='ltr'>quod</span> <span class='ocrx_word' id='word_1_177' title='bbox 1333 2223 1465 2270; x_wconf 89' lang='lat' dir='ltr'>intra</span> <span class='ocrx_word' id='word_1_178' title='bbox 1509 2222 1727 2270; x_wconf 87' lang='lat' dir='ltr'>cranium</span> <span class='ocrx_word' id='word_1_179' title='bbox 1771 2227 1844 2269; x_wconf 88' lang='lat' dir='ltr'>est</span> 
     </span>
     <span class='ocr_line' id='line_1_29' title="bbox 474 2296 1845 2359; baseline 0.001 -16"><span class='ocrx_word' id='word_1_180' title='bbox 474 2297 670 2359; x_wconf 88' lang='lat' dir='ltr'>spinalis</span> <span class='ocrx_word' id='word_1_181' title='bbox 716 2297 968 2353; x_wconf 82' lang='lat' dir='ltr'>medullae3</span> <span class='ocrx_word' id='word_1_182' title='bbox 1025 2299 1109 2345; x_wconf 92' lang='lat' dir='ltr'>ubi</span> <span class='ocrx_word' id='word_1_183' title='bbox 1154 2298 1371 2346; x_wconf 90' lang='lat' dir='ltr'>omnium</span> <span class='ocrx_word' id='word_1_184' title='bbox 1414 2313 1673 2346; x_wconf 89' lang='lat' dir='ltr'>nervorum</span> <span class='ocrx_word' id='word_1_185' title='bbox 1716 2296 1845 2344; x_wconf 84' lang='lat' dir='ltr'>intra</span> 
     </span>
     <span class='ocr_line' id='line_1_30' title="bbox 475 2372 1844 2436; baseline 0.001 -17"><span class='ocrx_word' id='word_1_186' title='bbox 475 2372 693 2420; x_wconf 89' lang='lat' dir='ltr'>cranium</span> <span class='ocrx_word' id='word_1_187' title='bbox 730 2380 843 2420; x_wconf 90' lang='lat' dir='ltr'>sunt</span> <span class='ocrx_word' id='word_1_188' title='bbox 875 2373 1079 2420; x_wconf 85' lang='lat' dir='ltr'>radices.</span> <span class='ocrx_word' id='word_1_189' title='bbox 1151 2373 1397 2436; x_wconf 73' lang='lat' dir='ltr'>Quicquid</span> <span class='ocrx_word' id='word_1_190' title='bbox 1439 2389 1554 2436; x_wconf 90' lang='lat' dir='ltr'>ergo</span> <span class='ocrx_word' id='word_1_191' title='bbox 1591 2372 1844 2436; x_wconf 88' lang='lat' dir='ltr'>spirituum</span> 
     </span>
     <span class='ocr_line' id='line_1_31' title="bbox 475 2447 1845 2511; baseline 0 -17"><span class='ocrx_word' id='word_1_192' title='bbox 475 2447 757 2494; x_wconf 89' lang='lat' dir='ltr'>animalium</span> <span class='ocrx_word' id='word_1_193' title='bbox 790 2448 842 2495; x_wconf 92' lang='lat' dir='ltr'>in</span> <span class='ocrx_word' id='word_1_194' title='bbox 875 2465 1049 2497; x_wconf 89' lang='lat' dir='ltr'>nervos</span> <span class='ocrx_word' id='word_1_195' title='bbox 1084 2449 1346 2511; x_wconf 87' lang='lat' dir='ltr'>inspiratur</span> <span class='ocrx_word' id='word_1_196' title='bbox 1379 2449 1447 2495; x_wconf 91' lang='lat' dir='ltr'>ibi</span> <span class='ocrx_word' id='word_1_197' title='bbox 1480 2449 1646 2506; x_wconf 87' lang='lat' dir='ltr'>intrat,</span> <span class='ocrx_word' id='word_1_198' title='bbox 1669 2463 1760 2496; x_wconf 88' lang='lat' dir='ltr'>nec</span> <span class='ocrx_word' id='word_1_199' title='bbox 1791 2452 1845 2494; x_wconf 79' lang='lat' dir='ltr'>ut</span> 
     </span>
     <span class='ocr_line' id='line_1_32' title="bbox 475 2521 1844 2586; baseline 0 -18"><span class='ocrx_word' id='word_1_200' title='bbox 475 2522 669 2569; x_wconf 88' lang='lat' dir='ltr'>aliunde</span> <span class='ocrx_word' id='word_1_201' title='bbox 687 2523 836 2570; x_wconf 90' lang='lat' dir='ltr'>intret</span> <span class='ocrx_word' id='word_1_202' title='bbox 856 2523 1112 2586; x_wconf 86' lang='lat' dir='ltr'>cogitabile</span> <span class='ocrx_word' id='word_1_203' title='bbox 1132 2531 1218 2570; x_wconf 90' lang='lat' dir='ltr'>est.</span> <span class='ocrx_word' id='word_1_204' title='bbox 1291 2523 1533 2571; x_wconf 76' lang='lat' dir='ltr'>Quoniam</span> <span class='ocrx_word' id='word_1_205' title='bbox 1551 2538 1666 2585; x_wconf 91' lang='lat' dir='ltr'>ergo</span> <span class='ocrx_word' id='word_1_206' title='bbox 1689 2521 1844 2569; x_wconf 90' lang='lat' dir='ltr'>sensio</span> 
     </span>
     <span class='ocr_line' id='line_1_33' title="bbox 478 2596 1846 2661; baseline -0.001 -17"><span class='ocrx_word' id='word_1_207' title='bbox 478 2597 609 2644; x_wconf 89' lang='lat' dir='ltr'>aliud</span> <span class='ocrx_word' id='word_1_208' title='bbox 627 2613 726 2644; x_wconf 90' lang='lat' dir='ltr'>non</span> <span class='ocrx_word' id='word_1_209' title='bbox 742 2604 815 2644; x_wconf 89' lang='lat' dir='ltr'>est</span> <span class='ocrx_word' id='word_1_210' title='bbox 828 2606 1007 2660; x_wconf 88' lang='lat' dir='ltr'>praeter</span> <span class='ocrx_word' id='word_1_211' title='bbox 1022 2599 1321 2661; x_wconf 89' lang='lat' dir='ltr'>objectorum</span> <span class='ocrx_word' id='word_1_212' title='bbox 1335 2598 1577 2645; x_wconf 89' lang='lat' dir='ltr'>actionem</span> <span class='ocrx_word' id='word_1_213' title='bbox 1595 2597 1659 2644; x_wconf 86' lang='lat' dir='ltr'>ad</span> <span class='ocrx_word' id='word_1_214' title='bbox 1680 2596 1846 2644; x_wconf 80' lang='lat' dir='ltr'>ultima</span> 
     </span>
     <span class='ocr_line' id='line_1_34' title="bbox 478 2672 1846 2735; baseline 0 -17"><span class='ocrx_word' id='word_1_215' title='bbox 478 2672 649 2734; x_wconf 88' lang='lat' dir='ltr'>organi</span> <span class='ocrx_word' id='word_1_216' title='bbox 692 2679 1025 2735; x_wconf 88' lang='lat' dir='ltr'>propagatam,</span> <span class='ocrx_word' id='word_1_217' title='bbox 1062 2689 1152 2720; x_wconf 89' lang='lat' dir='ltr'>nec</span> <span class='ocrx_word' id='word_1_218' title='bbox 1198 2673 1394 2735; x_wconf 90' lang='lat' dir='ltr'>spiritus</span> <span class='ocrx_word' id='word_1_219' title='bbox 1439 2672 1669 2720; x_wconf 88' lang='lat' dir='ltr'>animales</span> <span class='ocrx_word' id='word_1_220' title='bbox 1705 2685 1846 2735; x_wconf 88' lang='lat' dir='ltr'>quam</span> 
     </span>
     <span class='ocr_line' id='line_1_35' title="bbox 481 2744 1846 2810; baseline -0.001 -17"><span class='ocrx_word' id='word_1_221' title='bbox 481 2747 676 2809; x_wconf 87' lang='lat' dir='ltr'>spiritus</span> <span class='ocrx_word' id='word_1_222' title='bbox 699 2747 867 2794; x_wconf 86' lang='lat' dir='ltr'>vitales</span> <span class='ocrx_word' id='word_1_223' title='bbox 891 2764 920 2794; x_wconf 90' lang='lat' dir='ltr'>a</span> <span class='ocrx_word' id='word_1_224' title='bbox 938 2747 1082 2795; x_wconf 90' lang='lat' dir='ltr'>corde</span> <span class='ocrx_word' id='word_1_225' title='bbox 1104 2763 1192 2810; x_wconf 89' lang='lat' dir='ltr'>per</span> <span class='ocrx_word' id='word_1_226' title='bbox 1209 2748 1412 2795; x_wconf 85' lang='lat' dir='ltr'>arterias</span> <span class='ocrx_word' id='word_1_227' title='bbox 1431 2747 1578 2796; x_wconf 89' lang='lat' dir='ltr'>delati</span> <span class='ocrx_word' id='word_1_228' title='bbox 1601 2754 1650 2794; x_wconf 92' lang='lat' dir='ltr'>et</span> <span class='ocrx_word' id='word_1_229' title='bbox 1671 2744 1846 2794; x_wconf 89' lang='lat' dir='ltr'>redditi</span> 
     </span>
     <span class='ocr_line' id='line_1_36' title="bbox 480 2819 1846 2885; baseline -0.001 -16"><span class='ocrx_word' id='word_1_230' title='bbox 480 2823 715 2884; x_wconf 88' lang='lat' dir='ltr'>puriores,</span> <span class='ocrx_word' id='word_1_231' title='bbox 739 2839 938 2871; x_wconf 91' lang='lat' dir='ltr'>necesse</span> <span class='ocrx_word' id='word_1_232' title='bbox 963 2831 1034 2872; x_wconf 90' lang='lat' dir='ltr'>est</span> <span class='ocrx_word' id='word_1_233' title='bbox 1052 2831 1107 2871; x_wconf 92' lang='lat' dir='ltr'>ut</span> <span class='ocrx_word' id='word_1_234' title='bbox 1121 2824 1183 2872; x_wconf 91' lang='lat' dir='ltr'>ad</span> <span class='ocrx_word' id='word_1_235' title='bbox 1203 2823 1389 2871; x_wconf 90' lang='lat' dir='ltr'>radices</span> <span class='ocrx_word' id='word_1_236' title='bbox 1412 2838 1686 2881; x_wconf 87' lang='lat' dir='ltr'>nervorum,</span> <span class='ocrx_word' id='word_1_237' title='bbox 1703 2819 1846 2885; x_wconf 86' lang='lat' dir='ltr'>quiin</span> 
     </span>
    </p>
   </div>
   <div class='ocr_carea' id='block_1_5' title="bbox 432 226 1243 269">
    <p class='ocr_par' dir='ltr' id='par_1_8' title="bbox 432 226 1243 269">
     <span class='ocr_line' id='line_1_37' title="bbox 432 226 1243 269; baseline -0.001 0"><span class='ocrx_word' id='word_1_238' title='bbox 432 226 526 269; x_wconf 82' lang='lat'>328</span> <span class='ocrx_word' id='word_1_239' title='bbox 990 235 1243 269; x_wconf 73' lang='lat' dir='ltr'>ansmA.</span> 
     </span>
    </p>
   </div>
  </div>
 </body>
</html>
