1936 3262
515 260 610 302 280
836 271 905 303 DE
933 271 1271 304 RATIONIBUS
1299 272 1555 305 Mo'rUUM.

268 386 381 418 PARS
399 388 457 418 111-
509 380 734 442 aequales.
804 382 880 428 Fit
926 398 1042 444 ergo
1080 398 1110 428 a
1147 382 1368 444 partibus
1414 382 1527 428 flexi
1571 382 1880 432 interioribus

282 432 444 499 »ἓξ-ν
509 455 724 502 accessio
763 456 825 502 ad
861 457 1154 510 exteriores3
1192 464 1241 503 et
1265 465 1451 514 contra,
1476 457 1526 503 in
1560 457 1796 516 tensione,
1819 459 1880 507 ab

510 530 830 578 exterioribus
854 532 916 578 ad
939 532 1212 578 interiores.

575 605 646 652 Ea
668 613 847 663 autem,
886 623 993 668 quae
1034 607 1462 669 transpositionem
1500 606 1713 669 partium
1735 606 1880 656 talem

509 679 668 727 minus
704 681 845 728 facile
886 682 1155 743 patiuntur,
1175 682 1413 746 fragilia
1436 681 1768 744 appellantur;
1815 690 1879 742 et,

509 770 608 802 non
664 755 758 802 nisi
806 772 983 818 magna
1031 757 1078 803 vi
1123 757 1378 815 flectenda,
1436 756 1690 804 subitaneo
1745 764 1880 805 motu

511 829 768 877 dissiliunt.
1632 852 1634 854 ’
1851 831 1853 833 ’

251 922 378 953 ‘fractio
401 932 468 953 om-
583 910 655 951 12.
693 904 1023 967 Distinguitur
1067 905 1184 951 item
1227 913 1386 952 motus
1422 905 1473 952 in
1509 905 1788 969 pulsionem
1831 914 1891 955 etr

251 965 491 1006 ”isestpussiffi
510 979 817 1026 tractionem.
886 981 950 1027 Et
980 979 1152 1043 pulsio
1191 979 1400 1041 quidem,
1437 987 1494 1027 ut
1530 987 1643 1027 ante
1668 996 1776 1027 eam
1799 980 1881 1029 de—

508 1052 768 1111 finivimus,
794 1061 868 1100 est
892 1054 1086 1116 quando
1124 1054 1189 1112 id,
1216 1054 1348 1116 quod
1369 1062 1608 1114 movetur,
1636 1056 1880 1104 antecedit

509 1127 560 1174 id
606 1128 737 1189 quod
781 1138 960 1176 movet.
1048 1129 1252 1176 Tractio
1297 1145 1413 1177 vero
1459 1138 1646 1188 contra,
1688 1131 1886 1193 quando,

509 1218 709 1249 movens
737 1204 985 1251 antecedit
1020 1212 1223 1251 motum.
1293 1205 1626 1252 Veruntamen
1649 1206 1880 1255 attentius

509 1277 929 1326 considerantibus
943 1279 1137 1326 videtur
1152 1295 1255 1327 esse
1270 1280 1458 1344 pulsio,
1527 1281 1654 1328 Nam
1678 1280 1918 1351 duarum41

507 1353 720 1415 partium
743 1354 960 1416 corporis
985 1354 1108 1412 duri,
1135 1354 1249 1401 dum
1286 1355 1501 1402 anterior
1531 1355 1670 1418 pellit
1692 1362 1806 1404 ante
1829 1372 1880 1404 se
1905 1350 1909 1353 χ

507 1428 721 1475 medium
760 1429 810 1475 in
849 1445 944 1492 quo
982 1430 1038 1476 fit
1057 1438 1235 1488 motus,
1273 1430 1324 1477 id
1348 1430 1480 1493 quod
1513 1430 1711 1493 pellitur
1744 1431 1880 1494 pellit
1935 1425 1936 1476 ἴ

508 1503 654 1561 aliud,
679 1511 729 1550 et
751 1504 845 1551 hoc
869 1520 1035 1551 rursus
1059 1505 1205 1560 aliud,
1231 1513 1280 1552 et
1305 1505 1373 1552 sic
1397 1506 1639 1568 deinceps.
1708 1506 1766 1554 In
1786 1523 1880 1570 qua
1935 1500 1936 1513 ³

507 1578 715 1636 actione,
774 1580 1024 1641 supposito
1076 1580 1209 1641 quod
1265 1580 1400 1628 locus
1456 1581 1617 1628 nullus
1676 1592 1904 1644 corporet?
1935 1605 1936 1608 ¹

506 1669 687 1701 vacuus
708 1654 786 1711 sit,
811 1670 1008 1702 necesse
1042 1663 1129 1714 est,
1166 1656 1399 1703 continua
1431 1656 1670 1719 pulsione,
1695 1656 1878 1704 scilicet

452 1722 455 1725 ¹
506 1729 637 1775 facta
659 1729 865 1776 actionis
890 1730 1240 1789 circumitione,
1264 1738 1321 1777 ut
1340 1731 1391 1777 id
1410 1731 1541 1792 quod
1566 1738 1730 1779 movet
1751 1732 1878 1794 parti

508 1804 593 1861 illi,
615 1820 723 1866 quae
743 1805 803 1851 ab
836 1805 976 1852 initio
1012 1822 1111 1852 non
1134 1806 1249 1868 pelli
1285 1806 1369 1853 sed
1404 1807 1533 1853 trahi
1556 1806 1825 1865 videbatur,
1849 1823 1878 1855 a

508 1886 648 1940 tergo
676 1879 753 1936 sit,
792 1879 913 1927 adeo
944 1888 999 1926 ut
1037 1888 1249 1928 tractum
1273 1882 1531 1929 antecedat
1567 1883 1668 1944 jam
1704 1892 1899 1945 corpus

505 1953 624 2000 illud
668 1970 697 2001 a
742 1971 836 2017 quo
882 1963 1120 2014 movetur,
1168 1965 1218 2003 et
1272 1957 1476 2019 proinde
1532 1957 1724 2020 pulsum
1779 1973 1877 2006 non

502 2035 714 2076 tractum
738 2037 827 2077 est.

248 2105 453 2147 Quaecunque
575 2109 648 2150 13.
687 2104 809 2152 Quae
835 2105 1020 2153 dimota
1043 2123 1072 2153 a
1090 2107 1209 2154 locis
1234 2107 1332 2154 suis
1356 2123 1443 2170 per
1469 2108 1874 2170 compressionem

245 2156 484 2224 ξ’ἔιῗῖῗιῆεέῗέειῑ.
502 2177 578 2224 vel
603 2180 877 2227 tensionem
900 2181 948 2227 vi
971 2181 1166 2239 factam,
1193 2190 1243 2229 et
1266 2198 1323 2229 ea
1345 2182 1394 2229 vi
1417 2191 1595 2241 amota,
1624 2184 1790 2230 statim
1812 2183 1874 2230 ad

245 2241 483 2320 ᾏζῖξξξξξξζᾚ
502 2252 648 2299 situm
671 2255 885 2316 priorem
904 2256 1111 2303 redeunt
1132 2265 1181 2304 et
1205 2273 1256 2304 se
1279 2258 1562 2316 restituunt,
1583 2258 1872 2321 principium
1896 2317 1902 2319 Δ

245 2322 483 2355 fibusintemis·
501 2328 826 2376 restitutionis
873 2346 972 2377 suae
1018 2332 1067 2378 in
1120 2347 1171 2378 se
1215 2333 1414 2391 habent,
1467 2349 1641 2396 nempe
1686 2341 1906 2381 motumss

502 2403 744 2464 quendam
785 2405 833 2451 in
874 2406 1093 2467 partibus
1146 2407 1367 2465 internis,
1428 2408 1510 2470 qui
1551 2416 1669 2456 tunc
1714 2408 1884 2458 inerat.

502 2493 612 2524 cum
636 2487 750 2527 ante
777 2480 875 2527 vim
899 2490 1110 2528 amotam
1145 2492 1284 2530 erant
1308 2491 1447 2530 tensa
1469 2484 1546 2530 vel
1581 2499 1866 2546 compressa.

500 2553 589 2599 Est
634 2554 763 2601 enim
810 2556 1057 2603 restitutio
1104 2557 1187 2604 illa
1232 2567 1427 2612 motus3
1478 2559 1662 2606 moveri
1706 2566 1867 2606 autem

501 2628 633 2689 quod
656 2630 875 2691 quiescit,
902 2631 1004 2678 sine
1028 2640 1254 2679 movente
1285 2642 1420 2681 moto
1446 2642 1495 2680 et
1515 2634 1746 2696 contiguo
1769 2650 1863 2681 non

500 2710 679 2763 potest.
749 2705 934 2752 Ablata
968 2715 1131 2753 autem
1166 2708 1214 2755 vi
1250 2708 1349 2755 sive
1385 2709 1733 2771 comprimente
1767 2709 1866 2756 sive

500 2778 748 2837 tendente,
788 2796 932 2827 causa
975 2789 1139 2828 tamen
1176 2783 1308 2830 nulla
1343 2784 1508 2831 existit
1543 2783 1865 2831 restitutionis

502 2868 566 2898 ex
613 2854 718 2916 ipsa
765 2857 1126 2918 comprimentis
1171 2859 1244 2905 vel
1304 2859 1548 2906 tendentis
1605 2859 1859 2907 ablatione.
