1910 3256
203 348 316 380 PARS
341 348 398 380 111

287 393 337 423 24.

219 439 407 461 bqr—d

202 502 294 552 Ideni
320 503 443 535 contin-

202 551 249 585 git
264 556 295 576 m
310 552 416 577 motus

199 598 255 628 per
269 588 411 620 inciden-

346 643 362 664 e

464 223 557 265 314
799 233 870 266 DE
897 232 1236 266 RATIONIBUS
1263 232 1521 266 MOTUUM.

462 342 741 391 incidentiae
757 351 807 390 et
830 343 1122 391 reflectionis
1140 342 1179 390 C
1197 350 1299 389 tam
1323 358 1499 400 curvae,
1522 358 1629 404 quae
1651 350 1835 391 rectam

466 418 508 465 D
524 418 566 466 G
588 419 747 482 tangit
769 419 820 466 in
845 419 898 476 C,
924 434 1069 480 quam
1091 415 1308 481 ipsius2D
1325 417 1366 464 G
1385 417 1768 480 communeuerit.

528 499 575 541 9.
613 494 760 542 Quod
783 494 823 541 si
841 494 891 540 in
914 500 1097 555 puncto
1121 492 1166 539 A
1187 509 1287 540 non
1311 508 1637 555 supponamus
1659 493 1836 542 mobile

463 568 674 631 aliquod,
700 568 787 616 sed
810 575 1038 616 conatum
1061 568 1270 630 aliquem
1291 575 1614 631 propagatum
1636 568 1697 616 ab
1711 568 1756 616 A
1773 570 1835 618 ad

364 643 379 663 ¹
466 643 519 702 C,
537 644 886 692 demonstratio
915 651 1080 691 tamen
1103 643 1271 690 eadem
1293 643 1399 690 erit.
1471 643 1684 691 Conatus
1708 645 1834 694 enim

465 719 621 767 omnis
645 726 717 767 est
738 727 916 776 motus,
942 726 991 766 et
1011 719 1189 781 premit
1221 725 1410 781 partem
1433 718 1672 771 obstantis
1695 719 1834 769 solidi

462 794 513 841 in
533 795 586 853 C,
611 795 681 842 ita
702 802 758 841 ut
787 801 987 841 conatus
1013 793 1248 856 procedat
1270 800 1382 855 post
1403 793 1717 842 incidentiam
1748 811 1855 858 per>

463 869 539 917 CI
559 891 572 924 ς
607 870 770 932 itaque
794 876 842 916 et
865 869 1050 916 reactio
1084 868 1314 930 procedet
1336 884 1423 931 per
1447 868 1487 916 C
1505 869 1553 916 H
1574 890 1586 924 ;
1623 876 1672 916 et
1693 886 1835 933 gene·
1858 881 1860 884 ’

460 945 663 1003 rabitur,
689 961 718 992 a
741 951 921 992 conatu
941 960 1030 1006 per
1055 944 1093 990 C
1110 945 1157 991 H
1178 950 1497 991 concurrente
1521 960 1633 992 cum
1656 953 1834 994 conatu

459 1036 546 1082 per
588 1021 702 1078 HE,
749 1027 950 1067 conatus
994 1035 1082 1082 per
1122 1018 1160 1066 C
1177 1019 1233 1076 Ε,
1278 1026 1334 1066 111;
1378 1018 1430 1066 in
1474 1020 1834 1082 repercussione

460 1111 720 1157 corporum
742 1102 1003 1142 motorum.

526 1171 697 1233 Itaque
732 1170 772 1217 si
796 1177 998 1218 conatus
1022 1186 1052 1216 a
1073 1176 1255 1232 puncto
1292 1169 1508 1231 quolibet
1539 1177 1836 1234 propagetur

458 1246 522 1293 ad
554 1261 818 1293 concavam
846 1244 1149 1307 superficiem
1185 1244 1401 1307 corporis
1433 1245 1666 1307 sphaerice
1693 1262 1832 1294 exea-

457 1321 572 1379 vati,
596 1321 725 1367 linea
746 1320 927 1366 reflexa
941 1319 1087 1366 faciet
1102 1336 1213 1366 cum
1231 1319 1621 1368 circumferentia
1636 1322 1832 1371 maximi
1873 1354 1879 1359 -

457 1397 509 1443 in
524 1397 712 1459 sphaera
735 1395 903 1442 circuli
922 1395 1153 1458 angulum
1172 1395 1350 1458 angulo
1370 1394 1832 1461 incidentiaejaequa-
1909 1389 1910 1416 ³

456 1473 584 1527 lem3
621 1472 662 1519 si
697 1471 826 1518 enim
859 1471 930 1532 (in
952 1471 1035 1533 fig.
1061 1470 1112 1532 6)
1141 1478 1342 1518 conatus
1375 1479 1671 1535 propagetur
1704 1473 1764 1520 ab
1787 1473 1832 1520 A

457 1548 521 1597 ad
544 1546 982 1595 circumferentiam
999 1547 1050 1593 in
1066 1546 1122 1604 B,
1143 1545 1300 1608 sitque
1320 1546 1358 1593 C
1378 1547 1578 1609 sphaerae
1594 1556 1830 1607 centrum,
1870 1604 1873 1605 ⁷

457 1632 506 1672 et
529 1623 676 1670 ducta
699 1622 762 1669 sit
787 1622 825 1669 C
843 1621 881 1668 B
906 1628 1206 1683 tangensque
1231 1622 1274 1668 D
1291 1621 1330 1668 B
1349 1622 1404 1680 E,
1430 1618 1589 1686 etjfiat
1623 1622 1831 1686 denique
1867 1624 1878 1628 ⁷*

456 1698 661 1761 angulus
696 1699 733 1744 F
748 1698 788 1744 B
803 1697 847 1744 D
872 1697 1051 1759 angulo
1075 1696 1120 1743 A
1140 1697 1179 1743 B
1195 1697 1235 1743 E
1271 1697 1484 1759 aequalis,
1508 1698 1594 1745 fiet
1616 1699 1830 1747 reflectio

454 1790 542 1837 per
567 1774 606 1820 B
622 1774 659 1820 F
675 1780 731 1820 ut
749 1771 895 1819 modo
915 1779 1162 1819 ostensum
1185 1779 1285 1827 est;
1323 1788 1470 1834 quare
1485 1774 1650 1836 anguli
1668 1775 1829 1834 etiam,

456 1865 578 1912 quos
613 1865 724 1896 cum
761 1847 1150 1895 circumferentia
1182 1847 1368 1895 faciunt
1400 1855 1547 1896 rectae
1571 1849 1613 1896 A
1635 1849 1691 1908 Β,
1715 1850 1754 1897 F
1772 1849 1828 1909 B,

456 1924 664 1987 aequales
689 1929 845 1970 erunt.

522 1998 807 2047 Notandum
830 2004 992 2044 autem
1016 2006 1102 2055 est,
1130 1998 1260 2060 quod
1275 1998 1513 2060 producta
1537 1999 1575 2046 C
1594 1999 1634 2047 B
1656 2008 1830 2048 utcun-

457 2091 550 2138 que
583 2074 634 2122 in
672 2074 728 2132 G,
755 2079 956 2120 conatus
990 2073 1041 2120 in
1073 2073 1115 2120 G
1135 2073 1174 2119 B
1194 2073 1232 2120 C
1269 2089 1299 2120 a
1330 2073 1433 2121 sola
1477 2081 1550 2122 est
1584 2076 1828 2124 reactione

454 2148 841 2214 perpendiculari
863 2148 914 2195 in
947 2148 989 2196 G
1005 2148 1074 2203 B;
1124 2155 1172 2195 et
1204 2156 1461 2211 propterea
1493 2149 1544 2196 in
1566 2158 1747 2213 puncto
1772 2152 1826 2210 B,

455 2226 642 2272 nullum
665 2224 813 2271 alium
833 2223 1031 2270 omnino
1056 2230 1282 2270 conatum
1306 2239 1407 2271 esse
1431 2224 1495 2271 ad
1515 2233 1678 2287 partes
1701 2226 1828 2274 intra

455 2301 709 2364 sphaeram,
732 2305 1055 2362 praeterquam
1075 2298 1156 2360 qui
1171 2305 1242 2345 est
1259 2315 1347 2361 per
1369 2300 1569 2362 sphaerae
1593 2308 1824 2350 centrum.

520 2378 583 2424 Et
615 2381 851 2422 tractatus
885 2374 1028 2436 hujus
1061 2373 1189 2435 parti
1224 2374 1418 2435 quidem
1451 2374 1622 2434 tertiae,
1650 2376 1702 2423 in
1733 2393 1827 2440 qua

454 2459 641 2500 motum
655 2458 702 2497 et
720 2448 1106 2512 magnitudinem
1119 2464 1206 2510 per
1221 2464 1271 2496 se
1286 2457 1335 2495 et
1348 2449 1589 2497 abstracte
1609 2452 1824 2500 conside-

454 2527 679 2584 ravimuS,
696 2524 957 2572 terminum
971 2523 1050 2570 hic
1066 2530 1239 2570 statuo.
1289 2524 1517 2586 Sequitur
1529 2541 1640 2588 pars
1655 2534 1825 2589 quarta

455 2611 504 2650 et
536 2602 708 2649 ultima
731 2600 790 2647 de
818 2599 1150 2646 Phaenomenis
1185 2599 1404 2657 Naturae,
1428 2600 1479 2647 id
1502 2608 1574 2648 est
1597 2601 1656 2649 de
1689 2609 1823 2650 motu

454 2686 502 2726 et
537 2675 870 2740 magnitudine
902 2690 1156 2737 corporum
1196 2675 1551 2724 mundanorum
1582 2677 1682 2725 sive
1717 2694 1822 2741 quae

452 2770 505 2801 re
528 2755 634 2816 ipsa
656 2752 885 2800 existunt.
