1936 3262
479 272 543 314 46
797 285 1150 321 COMPUTATIO
1179 289 1303 322 SIVE
1331 290 1547 324 LOGICA.

247 410 363 442 PARS
380 411 407 444 1.
547 393 779 442 Similiter
812 396 1027 446 directus
1063 406 1139 447 est
1161 399 1298 448 homo
1335 418 1430 449 non
1454 407 1532 449 est
1562 400 1732 459 arbor,
1763 418 1857 452 non

237 478 413 525 ῳ
476 473 555 514 est
573 485 754 531 pyrus.

545 543 792 593 Conversa
829 555 995 594 autem
1017 550 1201 611 majore
1224 549 1275 596 in
1300 566 1436 597 suam
1461 551 1857 614 aequipollentem

475 633 564 680 per
594 621 914 669 terminorum
948 624 1388 672 contradictionem
1426 626 1577 672 stabit
1618 626 1856 674 indirecte

477 692 546 740 sic
563 713 575 748 ;

871 805 1035 852 Homo
1060 823 1154 853 non
1179 813 1255 854 est
1277 807 1446 866 arbor,

874 879 1044 942 Pyrus
1067 887 1144 927 est
1167 881 1332 928 arbor.

1910 354 1936 737 <ava-›2-2zssffimm
1914 382 1916 387 ’
1911 314 1936 358 ..v
1914 238 1915 242 „
1908 201 1936 222 ,ἰ

538 995 611 1041 Ex
637 994 812 1057 quibus
835 1011 1004 1044 rursus
1027 997 1086 1044 fit
1111 998 1358 1045 conclusio
1388 998 1560 1046 eadem
1583 998 1722 1046 homo
1758 1016 1853 1047 non
1914 996 1923 1043 .’

473 1074 550 1115 est
566 1085 746 1131 pyrus.

538 1144 747 1206 Oportet
771 1152 935 1192 autem
958 1145 1010 1192 in
1031 1147 1362 1195 convertendo
1386 1148 1593 1210 figuram
1613 1148 1849 1198 directam

470 1219 523 1266 in
545 1220 753 1282 figuram
775 1220 1127 1268 indirectarum
1159 1222 1369 1285 primam
1402 1230 1459 1270 ut
1498 1225 1658 1286 major
1682 1225 1851 1272 termi-

469 1310 561 1341 nus
598 1294 650 1341 in
687 1295 846 1357 figura
887 1295 1074 1343 directa
1106 1296 1170 1344 sit
1205 1297 1484 1361 negativus,
1508 1314 1623 1345 nam
1659 1299 1751 1346 etsi
1788 1315 1848 1347 ex

470 1369 659 1417 directa
707 1370 816 1429 hac,
858 1370 996 1417 homo
1039 1378 1116 1418 est
1156 1371 1358 1429 animal,
1400 1379 1477 1419 est
1519 1389 1719 1437 corpus,
1759 1374 1850 1422 fiat

467 1443 737 1493 indirectus
759 1461 848 1508 per
871 1446 1070 1509 majoris
1095 1446 1466 1494 conversionem
1488 1465 1499 1494 :

732 1554 895 1601 Homo
921 1561 998 1602 est
1021 1554 1225 1613 animal,

730 1629 847 1676 Non
871 1646 1053 1694 corpus
1077 1646 1171 1676 non
1195 1635 1272 1676 est
1296 1629 1499 1689 animal,

730 1705 879 1768 Ergo,
921 1705 1075 1752 omnis
1099 1705 1237 1751 homo
1262 1711 1337 1752 est
1362 1721 1545 1769 corpus
1561 1723 1579 1760 ;

465 1828 631 1869 tamen
668 1823 922 1870 conversio
955 1830 1158 1886 apparet
1191 1822 1314 1871 adeo
1348 1822 1557 1870 obscura
1577 1831 1635 1870 ut
1670 1823 1846 1871 modus

464 1896 545 1943 ille
582 1913 783 1960 prorsus
828 1895 1017 1945 inutilis
1053 1898 1131 1945 sit.
1201 1899 1293 1945 Per
1334 1898 1704 1946 conversionem
1743 1915 1846 1946 ma-

459 1971 581 2034 joris
600 1979 740 2034 patet
762 1973 978 2020 medium
1001 1973 1265 2020 terminum
1288 1973 1339 2020 in
1362 1973 1454 2020 hac
1473 1973 1633 2036 figura
1656 1989 1847 2037 semper

466 2062 573 2094 esse
588 2047 639 2094 in
661 2054 871 2110 utraque
894 2048 1146 2110 praemissa
1163 2048 1514 2112 praedieatum.

227 2125 346 2176 ,Figura
538 2128 611 2171 10.
649 2123 1006 2171 Indirectarum
1022 2123 1236 2171 secunda
1251 2124 1308 2171 fit
1332 2139 1392 2171 ex
1418 2123 1735 2171 conversione
1754 2123 1844 2170 mi-

225 2171 379 2245 ζὲξῖἷιῗὲῗ
464 2197 616 2256 noris,
639 2197 710 2244 ita
731 2205 788 2244 ut
810 2197 1000 2244 medius
1025 2198 1262 2245 terminus
1285 2198 1547 2261 utrobique
1571 2197 1635 2245 sit
1653 2197 1843 2260 subjec-

224 2258 383 2296 q¹¹⁰¹¹¹⁰d⁰
398 2257 445 2288 fit·
465 2277 580 2319 tum.
651 2272 749 2319 Sed
767 2288 1018 2335 nunquam
1037 2273 1287 2320 concludit
1303 2273 1659 2331 universaliter,
1683 2288 1842 2336 neque

462 2346 629 2409 itaque
663 2347 714 2394 in
736 2347 1047 2410 philosophia
1079 2348 1215 2395 utilis
1240 2355 1331 2405 est,
1368 2347 1643 2410 exemplum
1676 2355 1842 2395 tamen

462 2423 566 2485 ejus
588 2438 842 2485 ponemus.
914 2423 989 2470 Sit
1013 2439 1130 2486 ergo
1156 2423 1386 2481 directus,
1412 2423 1565 2470 omnis
1589 2422 1727 2470 homo
1763 2429 1841 2470 est

461 2497 663 2555 animal,
689 2514 824 2545 omne
850 2497 1040 2545 animal
1061 2504 1137 2545 est
1172 2514 1372 2561 eorpus³
1394 2513 1630 2546 conversa
1650 2497 1838 2546 minore

461 2572 612 2620 stabit
635 2572 732 2620 sic:

729 2680 986 2737 Quoddam
1010 2680 1198 2727 animal
1220 2686 1295 2728 est
1319 2680 1472 2742 homo,

728 2756 879 2803 Omne
902 2755 1091 2803 animal
1112 2763 1188 2803 est
1213 2772 1411 2820 corpu&
1447 2759 1594 2820 Ergo,

722 2830 936 2886 Quidam
958 2830 1096 2877 homo
1121 2837 1197 2878 est
1217 2848 1413 2894 corpus.
