1910 3256
442 216 546 267 378-
1002 231 1254 266 PHYsch.

198 340 311 418 ΡΛΙὲξ
329 342 385 374 IV·
440 354 499 385 ex
522 339 716 387 bullulis
740 356 916 403 aquam
942 358 1200 406 aeremque
1229 344 1610 402 continentibus,
1633 354 1689 395 ut
1711 363 1813 396 ma-

198 408 383 454 *ᾧ
439 413 669 462 nifestum
715 423 790 464 est
836 417 887 464 in
933 417 1080 476 nitro,
1124 434 1185 465 ex
1230 435 1288 466 eo
1335 419 1467 482 quod
1506 419 1686 483 ignem,
1733 424 1812 471 cui

436 489 721 552 imponitur,
746 492 1094 541 violentissime
1125 494 1285 541 sufflat
1305 515 1317 548 ;
1353 494 1483 541 idem
1507 503 1672 543 autem
1693 496 1818 546 facit,

439 570 489 610 et
526 564 611 623 sal,
653 565 738 612 sed
778 566 965 613 minore
1005 566 1205 630 impetu.
1284 568 1431 617 Quod
1471 568 1512 615 si
1548 569 1711 618 album
1748 572 1812 620 ad

436 638 610 698 lucem,
652 656 751 688 non
787 641 919 687 illam
957 641 1151 703 quidem
1182 642 1405 690 diurnam
1442 643 1810 709 candidamque,

438 713 524 760 sed
547 714 609 761 ad
640 714 797 762 lucem
822 715 949 777 ignis
973 715 1050 762 vel
1078 716 1293 764 candelae
1325 726 1611 780 exponatur,
1646 727 1819 768 utrum-
1867 731 1868 734 ’

436 788 600 836 album
622 806 685 836 an
707 790 887 837 flavum
913 791 977 838 sit
990 807 1091 838 non
1113 791 1255 839 facile
1275 801 1477 855 aspectu
1492 793 1819 856 judicabitur„

437 864 585 927 Cujus
621 865 692 912 rei
729 882 874 912 causa
911 881 1016 913 esse
1052 876 1232 929 potest,
1257 868 1388 930 quod
1423 868 1692 932 ignitorum
1726 870 1818 919 lux

435 947 485 987 et
529 940 724 987 flamma
774 941 905 987 inter
949 941 1223 989 albedinem
1275 951 1326 989 et
1365 943 1655 992 flavedinem
1706 944 1817 993 fere:

434 1015 595 1062 media
629 1024 718 1062 est.

227 1093 346 1167 ξῐωεεᾶ,
375 1137 380 1143 ,
506 1095 578 1136 16.
617 1089 685 1136 Ut
729 1089 901 1137 albedo
939 1091 1037 1148 lux,
1075 1091 1146 1138 ita
1190 1092 1392 1154 nigredo
1429 1092 1552 1139 lucis
1595 1093 1806 1156 privatio

250 1146 314 1176 'gre
339 1147 409 1168 Μ’
433 1172 522 1222 est,
556 1165 656 1212 sive
686 1166 914 1212 tenebrae.
987 1166 1129 1213 Unde
1156 1167 1228 1225 fit,
1252 1167 1427 1230 primo,
1462 1175 1518 1214 ut
1550 1167 1814 1229 foramina,

431 1240 561 1287 unde
597 1240 680 1287 lux
717 1241 780 1288 ad
815 1241 1010 1288 oculum
1054 1242 1241 1289 reflecti
1285 1258 1386 1290 non
1429 1249 1609 1305 potest,
1664 1243 1808 1306 nigra

431 1324 712 1378 appareant.
784 1317 1024 1374 Secundo,
1071 1325 1127 1364 ut
1173 1318 1465 1380 superficies,
1503 1334 1531 1365 e
1566 1333 1663 1381 qua
1697 1335 1807 1381 par-

430 1391 592 1439 ticulae
639 1392 855 1454 corporis
902 1398 1077 1439 erectae
1124 1392 1385 1450 emineant,
1429 1392 1551 1440 adeo
1588 1399 1645 1440 ut
1681 1393 1804 1442 radii

428 1466 550 1514 lucis
595 1467 712 1530 ipsis
757 1467 1028 1515 incidentes
1065 1468 1116 1514 in
1156 1467 1315 1530 ipsum
1357 1483 1549 1530 corpus,
1595 1483 1695 1515 non
1741 1468 1816 1515 ad„

429 1542 623 1589 oculum
654 1542 986 1601 reflectantur,
1018 1542 1161 1604 nigra
1193 1550 1454 1605 appareat;
1491 1542 1804 1605 quemadmo-

429 1616 544 1663 dum
582 1617 815 1680 nigrescit
850 1634 982 1665 mare
1019 1634 1048 1665 a
1085 1626 1231 1665 vento
1269 1618 1544 1681 crispatum.
1618 1618 1815 1678 Tertio,

427 1700 484 1739 ut
518 1693 724 1740 materia
761 1693 1110 1740 combustibilis
1148 1693 1283 1756 prius
1315 1694 1375 1740 ab
1410 1693 1526 1756 igne
1557 1694 1811 1757 nigrescat.

429 1783 574 1829 quam
596 1768 825 1814 lucescat.
896 1768 1030 1830 Ignis
1062 1767 1207 1826 enim,
1241 1767 1356 1814 dum
1389 1776 1554 1830 partes
1583 1769 1810 1831 corporis-

427 1842 594 1905 injecti
616 1842 964 1890 minutissimas
988 1850 1194 1890 conatur
1219 1841 1474 1900 discutere,
1498 1842 1633 1905 prius
1657 1844 1803 1906 erigit

427 1933 573 1980 quam
594 1917 807 1965 discutit.
877 1919 1049 1980 Itaque
1082 1917 1123 1965 si
1156 1917 1470 1980 extinguatur
1501 1917 1628 1980 ignis
1661 1925 1798 1966 ante-

426 2008 571 2054 quam
604 1994 691 2040 fiat
719 1993 885 2040 totalis
918 1992 1130 2055 partium
1167 1991 1431 2054 dissipatio,
1468 1992 1614 2040 carbo
1649 2009 1797 2056 appa-

423 2068 550 2115 rebit
572 2068 862 2131 nigerrimus
880 2089 891 2122 ;
929 2068 1103 2115 erectis
1123 2067 1252 2114 enim
1274 2067 1508 2130 partibUS,
1528 2067 1650 2114 lucis
1673 2067 1807 2117 radii,

423 2143 693 2192 incidentes
715 2160 817 2191 non
840 2143 903 2191 ad
926 2143 1134 2201 oculum,
1159 2142 1244 2190 sed
1267 2142 1319 2189 in
1347 2142 1506 2205 ipsum
1536 2143 1796 2190 carbonem

422 2220 752 2266 reflectentur.
837 2218 1042 2276 Quarto,
1089 2226 1145 2265 ut
1191 2234 1221 2265 a
1261 2217 1466 2280 speculis
1511 2217 1794 2266 ardentibus

422 2294 611 2342 facilius
635 2294 932 2341 accendatur
954 2294 1158 2341 materia
1180 2293 1335 2356 nigra,
1366 2309 1511 2355 quam
1537 2292 1661 2340 alba.
1735 2294 1801 2343 In,

423 2370 676 2432 superficie
700 2370 829 2416 enim
852 2369 961 2416 alba
981 2377 1146 2433 partes
1171 2376 1392 2416 extantes
1421 2368 1638 2431 gibbosae
1663 2377 1791 2427 sunt,

420 2452 477 2492 ut
507 2445 733 2499 bullulae;
771 2452 821 2492 et
855 2453 1117 2508 propterea
1150 2443 1274 2491 radii
1310 2443 1431 2491 lucis
1467 2443 1518 2491 in
1555 2459 1636 2491 eas
1675 2443 1803 2495 inci·.

422 2520 592 2568 dentes
634 2521 968 2578 reflectuntur,
1011 2520 1081 2566 ita
1116 2527 1172 2566 ut
1206 2535 1236 2566 a
1272 2534 1474 2582 corpore
1510 2518 1802 2577 reflectente

420 2596 744 2659 undequaque
768 2595 1029 2649 recedant3
1066 2595 1152 2642 sed
1174 2594 1224 2641 in
1253 2593 1506 2657 superficie
1529 2593 1683 2656 nigra,
1706 2592 1790 2640 ubi

422 2679 644 2718 extantes
667 2670 918 2734 particulae
944 2670 1202 2717 erectiores
1236 2676 1364 2728 sunt,
1400 2684 1596 2716 necesse
1632 2675 1706 2715 est
1734 2675 1798 2714 ut

418 2747 540 2794 lucis
566 2746 705 2804 radii,
730 2746 780 2792 in
812 2761 891 2792 eas
915 2745 1201 2802 incidentes,
1235 2744 1285 2790 in
1317 2743 1475 2806 ipsum
1504 2758 1678 2806 corpus
1711 2758 1786 2789 re-

418 2822 678 2869 flectantur
707 2836 902 2874 omnes3
939 2819 1126 2866 facilius
1161 2834 1278 2880 ergo
1315 2834 1344 2865 a
1374 2818 1522 2866 radiis
1551 2817 1795 2871 solaribus,

417 2897 557 2959 nigra
581 2913 725 2959 quam
744 2896 853 2943 alba
876 2895 1223 2943 accenduntur.
1295 2893 1496 2950 Quinto,
1521 2901 1576 2940 ut
1600 2892 1784 2940 colores
