<?xml version="1.0" encoding="UTF-8"?>
<!DOCTYPE html PUBLIC "-//W3C//DTD XHTML 1.0 Transitional//EN"
    "http://www.w3.org/TR/xhtml1/DTD/xhtml1-transitional.dtd">
<html xmlns="http://www.w3.org/1999/xhtml" xml:lang="en" lang="en">
 <head>
  <title>
</title>
<meta http-equiv="Content-Type" content="text/html;charset=utf-8" />
  <meta name='ocr-system' content='tesseract 3.04.00' />
  <meta name='ocr-capabilities' content='ocr_page ocr_carea ocr_par ocr_line ocrx_word'/>
</head>
<body>
  <div class='ocr_page' id='page_1' title='image "./operaphilosophic01hobbuoft_0475.png"; bbox 0 0 1910 3256; ppageno 0'>
   <div class='ocr_carea' id='block_1_1' title="bbox 345 230 1454 274">
    <p class='ocr_par' dir='ltr' id='par_1_1' title="bbox 345 230 1454 274">
     <span class='ocr_line' id='line_1_1' title="bbox 345 230 1454 274; baseline 0.001 -2"><span class='ocrx_word' id='word_1_1' title='bbox 345 238 417 272; x_wconf 81' lang='lat' dir='ltr'>DE</span> <span class='ocrx_word' id='word_1_2' title='bbox 443 239 724 274; x_wconf 74' lang='lat' dir='ltr'>UN1anso</span> <span class='ocrx_word' id='word_1_3' title='bbox 752 239 818 273; x_wconf 83' lang='lat' dir='ltr'>ET</span> <span class='ocrx_word' id='word_1_4' title='bbox 845 239 1180 274; x_wconf 73' lang='lat' dir='ltr'>SYossmssus.</span> <span class='ocrx_word' id='word_1_5' title='bbox 1362 230 1454 273; x_wconf 87' lang='lat'>351</span> 
     </span>
    </p>
   </div>
   <div class='ocr_carea' id='block_1_2' title="bbox 0 318 178 1803">
    <p class='ocr_par' dir='ltr' id='par_1_2' title="bbox 0 318 178 1803">
     <span class='ocr_line' id='line_1_2' title="bbox 0 318 161 601; baseline 0 -154"><span class='ocrx_word' id='word_1_6' title='bbox 0 318 161 601; x_wconf 95' lang='lat' dir='ltr'>    </span> 
     </span>
     <span class='ocr_line' id='line_1_3' title="bbox 0 601 178 773; baseline 0 0"><span class='ocrx_word' id='word_1_7' title='bbox 0 601 178 773; x_wconf 95' lang='lat' dir='ltr'>   </span> 
     </span>
     <span class='ocr_line' id='line_1_4' title="bbox 0 773 126 925; baseline 0 -23"><span class='ocrx_word' id='word_1_8' title='bbox 0 773 126 925; x_wconf 95' lang='lat' dir='ltr'>   </span> 
     </span>
     <span class='ocr_line' id='line_1_5' title="bbox 0 925 92 999; baseline 0 -48"><span class='ocrx_word' id='word_1_9' title='bbox 0 925 92 999; x_wconf 95' lang='lat' dir='ltr'>  </span> 
     </span>
     <span class='ocr_line' id='line_1_6' title="bbox 0 999 73 1206; baseline 0 -75"><span class='ocrx_word' id='word_1_10' title='bbox 0 999 73 1206; x_wconf 95' lang='lat' dir='ltr'>   </span> 
     </span>
     <span class='ocr_line' id='line_1_7' title="bbox 0 1206 73 1282; baseline 0 1974"><span class='ocrx_word' id='word_1_11' title='bbox 0 1206 73 1282; x_wconf 95' lang='lat' dir='ltr'> </span> 
     </span>
     <span class='ocr_line' id='line_1_8' title="bbox 0 1282 69 1358; baseline 0 1898"><span class='ocrx_word' id='word_1_12' title='bbox 0 1282 69 1358; x_wconf 95' lang='lat' dir='ltr'> </span> 
     </span>
     <span class='ocr_line' id='line_1_9' title="bbox 0 1358 66 1434; baseline 0 1822"><span class='ocrx_word' id='word_1_13' title='bbox 0 1358 66 1434; x_wconf 95' lang='lat' dir='ltr'> </span> 
     </span>
     <span class='ocr_line' id='line_1_10' title="bbox 0 1434 64 1510; baseline 0 1746"><span class='ocrx_word' id='word_1_14' title='bbox 0 1434 64 1510; x_wconf 95' lang='lat' dir='ltr'> </span> 
     </span>
     <span class='ocr_line' id='line_1_11' title="bbox 0 1510 65 1803; baseline 0 -144"><span class='ocrx_word' id='word_1_15' title='bbox 0 1510 65 1803; x_wconf 95' lang='lat' dir='ltr'>    </span> 
     </span>
    </p>
   </div>
   <div class='ocr_carea' id='block_1_3' title="bbox 0 350 1729 2916">
    <p class='ocr_par' dir='ltr' id='par_1_3' title="bbox 67 350 1729 714">
     <span class='ocr_line' id='line_1_12' title="bbox 67 350 1717 430; baseline -0.002 -29"><span class='ocrx_word' id='word_1_16' title='bbox 67 375 108 421; x_wconf 53' lang='lat'>23⁴·</span> <span class='ocrx_word' id='word_1_17' title='bbox 141 350 386 415; x_wconf 89' lang='lat' dir='ltr'>Supposui</span> <span class='ocrx_word' id='word_1_18' title='bbox 409 367 527 415; x_wconf 87' lang='lat' dir='ltr'>ergo</span> <span class='ocrx_word' id='word_1_19' title='bbox 552 359 654 399; x_wconf 91' lang='lat' dir='ltr'>tam</span> <span class='ocrx_word' id='word_1_20' title='bbox 687 352 739 400; x_wconf 92' lang='lat' dir='ltr'>in</span> <span class='ocrx_word' id='word_1_21' title='bbox 762 352 864 400; x_wconf 89' lang='lat' dir='ltr'>sole</span> <span class='ocrx_word' id='word_1_22' title='bbox 888 351 953 400; x_wconf 88' lang='lat' dir='ltr'>ad</span> <span class='ocrx_word' id='word_1_23' title='bbox 970 350 1212 415; x_wconf 87' lang='lat' dir='ltr'>regendos</span> <span class='ocrx_word' id='word_1_24' title='bbox 1235 350 1461 414; x_wconf 85' lang='lat' dir='ltr'>planetas</span> <span class='ocrx_word' id='word_1_25' title='bbox 1522 353 1644 430; x_wconf 63' lang='lat' dir='ltr'>PA1{{</span> <span class='ocrx_word' id='word_1_26' title='bbox 1659 353 1717 386; x_wconf 86' lang='lat' dir='ltr'>IV·</span> 
     </span>
     <span class='ocr_line' id='line_1_13' title="bbox 68 425 1700 497; baseline -0.001 -23"><span class='ocrx_word' id='word_1_27' title='bbox 68 425 146 481; x_wconf 53' lang='grc' dir='ltr'>ζ»</span> <span class='ocrx_word' id='word_1_28' title='bbox 164 426 347 485; x_wconf 79' lang='lat' dir='ltr'>uarios,</span> <span class='ocrx_word' id='word_1_29' title='bbox 373 443 521 490; x_wconf 90' lang='lat' dir='ltr'>quam</span> <span class='ocrx_word' id='word_1_30' title='bbox 556 427 608 476; x_wconf 91' lang='lat' dir='ltr'>in</span> <span class='ocrx_word' id='word_1_31' title='bbox 646 428 821 477; x_wconf 90' lang='lat' dir='ltr'>tellure</span> <span class='ocrx_word' id='word_1_32' title='bbox 866 427 929 476; x_wconf 88' lang='lat' dir='ltr'>ad</span> <span class='ocrx_word' id='word_1_33' title='bbox 966 426 1235 491; x_wconf 85' lang='lat' dir='ltr'>regendam</span> <span class='ocrx_word' id='word_1_34' title='bbox 1272 427 1459 485; x_wconf 88' lang='lat' dir='ltr'>lunam,</span> <span class='ocrx_word' id='word_1_35' title='bbox 1533 445 1700 497; x_wconf 43' lang='lat' dir='ltr'>*js—7³</span> 
     </span>
     <span class='ocr_line' id='line_1_14' title="bbox 145 491 1729 574; baseline -0.001 -24.046"><span class='ocrx_word' id='word_1_36' title='bbox 145 517 225 550; x_wconf 85' lang='lat' dir='ltr'>em</span> <span class='ocrx_word' id='word_1_37' title='bbox 263 510 455 551; x_wconf 89' lang='lat' dir='ltr'>motum</span> <span class='ocrx_word' id='word_1_38' title='bbox 506 504 700 567; x_wconf 90' lang='lat' dir='ltr'>qualem</span> <span class='ocrx_word' id='word_1_39' title='bbox 748 505 960 568; x_wconf 87' lang='lat' dir='ltr'>planetae</span> <span class='ocrx_word' id='word_1_40' title='bbox 997 502 1218 567; x_wconf 88' lang='lat' dir='ltr'>primarii</span> <span class='ocrx_word' id='word_1_41' title='bbox 1263 510 1314 550; x_wconf 93' lang='lat' dir='ltr'>et</span> <span class='ocrx_word' id='word_1_42' title='bbox 1349 502 1468 550; x_wconf 91' lang='lat' dir='ltr'>luna</span> <span class='ocrx_word' id='word_1_43' title='bbox 1486 491 1729 574; x_wconf 50' lang='grc' dir='ltr'>ξιζῑξζζῗξξρῃ,</span> 
     </span>
     <span class='ocr_line' id='line_1_15' title="bbox 67 577 1711 653; baseline -0.002 -25"><span class='ocrx_word' id='word_1_44' title='bbox 67 578 85 642; x_wconf 50' lang='grc' dir='ltr'>ᾖ,</span> <span class='ocrx_word' id='word_1_45' title='bbox 112 601 129 621; x_wconf 48' lang='lat' dir='ltr'>*r</span> <span class='ocrx_word' id='word_1_46' title='bbox 158 578 382 643; x_wconf 86' lang='lat' dir='ltr'>ipientes,</span> <span class='ocrx_word' id='word_1_47' title='bbox 407 579 480 628; x_wconf 87' lang='lat' dir='ltr'>ita</span> <span class='ocrx_word' id='word_1_48' title='bbox 511 587 569 627; x_wconf 93' lang='lat' dir='ltr'>ut</span> <span class='ocrx_word' id='word_1_49' title='bbox 604 588 844 644; x_wconf 86' lang='lat' dir='ltr'>apparent</span> <span class='ocrx_word' id='word_1_50' title='bbox 867 595 1103 644; x_wconf 89' lang='lat' dir='ltr'>apparere</span> <span class='ocrx_word' id='word_1_51' title='bbox 1144 577 1358 626; x_wconf 88' lang='lat' dir='ltr'>debeant</span> <span class='ocrx_word' id='word_1_52' title='bbox 1380 593 1469 625; x_wconf 89' lang='lat' dir='ltr'>ne-</span> <span class='ocrx_word' id='word_1_53' title='bbox 1486 577 1711 653; x_wconf 49' lang='lat' dir='ltr'>gffngfflgsfit</span> 
     </span>
     <span class='ocr_line' id='line_1_16' title="bbox 117 652 1468 704; baseline -0.001 -4.036"><span class='ocrx_word' id='word_1_54' title='bbox 117 676 122 681; x_wconf 95' lang='lat'>·</span> <span class='ocrx_word' id='word_1_55' title='bbox 140 654 304 703; x_wconf 87' lang='lat' dir='ltr'>sario.</span> <span class='ocrx_word' id='word_1_56' title='bbox 392 655 524 703; x_wconf 86' lang='lat' dir='ltr'>Huic</span> <span class='ocrx_word' id='word_1_57' title='bbox 569 663 738 704; x_wconf 88' lang='lat' dir='ltr'>autem</span> <span class='ocrx_word' id='word_1_58' title='bbox 775 656 850 704; x_wconf 89' lang='lat' dir='ltr'>rei</span> <span class='ocrx_word' id='word_1_59' title='bbox 884 663 1047 703; x_wconf 86' lang='lat' dir='ltr'>motus</span> <span class='ocrx_word' id='word_1_60' title='bbox 1089 654 1170 702; x_wconf 90' lang='lat' dir='ltr'>ille</span> <span class='ocrx_word' id='word_1_61' title='bbox 1216 652 1468 701; x_wconf 89' lang='lat' dir='ltr'>circularis</span> 
     </span>
    </p>

    <p class='ocr_par' dir='ltr' id='par_1_4' title="bbox 64 723 1464 796">
     <span class='ocr_line' id='line_1_17' title="bbox 178 729 1464 796; baseline -0.006 -14.651"><span class='ocrx_word' id='word_1_62' title='bbox 178 746 209 778; x_wconf 80' lang='lat' dir='ltr'>a</span> <span class='ocrx_word' id='word_1_63' title='bbox 230 746 374 778; x_wconf 82' lang='lat' dir='ltr'>axem</span> <span class='ocrx_word' id='word_1_64' title='bbox 396 739 694 790; x_wconf 84' lang='lat' dir='ltr'>manentem,</span> <span class='ocrx_word' id='word_1_65' title='bbox 733 749 844 796; x_wconf 86' lang='lat' dir='ltr'>quae</span> <span class='ocrx_word' id='word_1_66' title='bbox 881 730 1138 780; x_wconf 86' lang='lat' dir='ltr'><strong>conversio</strong></span> <span class='ocrx_word' id='word_1_67' title='bbox 1175 729 1375 786; x_wconf 88' lang='lat' dir='ltr'>dicitur,</span> <span class='ocrx_word' id='word_1_68' title='bbox 1413 736 1464 775; x_wconf 87' lang='lat' dir='ltr'>et</span> 
     </span>
    </p>

    <p class='ocr_par' dir='ltr' id='par_1_5' title="bbox 56 803 1467 1022">
     <span class='ocr_line' id='line_1_18' title="bbox 56 803 1467 870; baseline -0.002 -16"><span class='ocrx_word' id='word_1_69' title='bbox 56 805 163 865; x_wconf 70' lang='lat' dir='ltr'>[ui</span> <span class='ocrx_word' id='word_1_70' title='bbox 197 805 351 854; x_wconf 88' lang='lat' dir='ltr'>totius</span> <span class='ocrx_word' id='word_1_71' title='bbox 389 807 610 870; x_wconf 88' lang='lat' dir='ltr'>corporis</span> <span class='ocrx_word' id='word_1_72' title='bbox 649 816 814 855; x_wconf 91' lang='lat' dir='ltr'>motus</span> <span class='ocrx_word' id='word_1_73' title='bbox 844 823 946 855; x_wconf 91' lang='lat' dir='ltr'>non</span> <span class='ocrx_word' id='word_1_74' title='bbox 988 813 1077 864; x_wconf 90' lang='lat' dir='ltr'>est,</span> <span class='ocrx_word' id='word_1_75' title='bbox 1115 805 1202 854; x_wconf 90' lang='lat' dir='ltr'>sed</span> <span class='ocrx_word' id='word_1_76' title='bbox 1232 803 1467 868; x_wconf 89' lang='lat' dir='ltr'>partium,</span> 
     </span>
     <span class='ocr_line' id='line_1_19' title="bbox 67 881 1464 946; baseline -0.002 -16"><span class='ocrx_word' id='word_1_77' title='bbox 67 897 283 930; x_wconf 85' lang='grc'><strong>0110115</strong></span> <span class='ocrx_word' id='word_1_78' title='bbox 321 887 424 931; x_wconf 84' lang='grc'><strong>11011</strong></span> <span class='ocrx_word' id='word_1_79' title='bbox 466 890 556 931; x_wconf 90' lang='lat' dir='ltr'>est.</span> <span class='ocrx_word' id='word_1_80' title='bbox 629 882 754 931; x_wconf 89' lang='lat' dir='ltr'>Cum</span> <span class='ocrx_word' id='word_1_81' title='bbox 788 883 919 930; x_wconf 90' lang='lat' dir='ltr'>enim</span> <span class='ocrx_word' id='word_1_82' title='bbox 943 881 1077 946; x_wconf 92' lang='lat' dir='ltr'>quod</span> <span class='ocrx_word' id='word_1_83' title='bbox 1111 881 1182 930; x_wconf 87' lang='lat' dir='ltr'>sic</span> <span class='ocrx_word' id='word_1_84' title='bbox 1217 886 1464 938; x_wconf 89' lang='lat' dir='ltr'>movetur,</span> 
     </span>
     <span class='ocr_line' id='line_1_20' title="bbox 56 957 1465 1022; baseline -0.002 -16"><span class='ocrx_word' id='word_1_85' title='bbox 56 957 266 1007; x_wconf 84' lang='grc'><strong>5.·111111111</strong></span> <span class='ocrx_word' id='word_1_86' title='bbox 287 957 352 1006; x_wconf 84' lang='lat' dir='ltr'>ad</span> <span class='ocrx_word' id='word_1_87' title='bbox 372 965 540 1022; x_wconf 88' lang='lat' dir='ltr'>partes</span> <span class='ocrx_word' id='word_1_88' title='bbox 564 968 705 1007; x_wconf 90' lang='lat' dir='ltr'>extra</span> <span class='ocrx_word' id='word_1_89' title='bbox 739 958 977 1006; x_wconf 87' lang='lat' dir='ltr'>circulum</span> <span class='ocrx_word' id='word_1_90' title='bbox 1009 957 1196 1021; x_wconf 89' lang='lat' dir='ltr'>positas</span> <span class='ocrx_word' id='word_1_91' title='bbox 1229 963 1465 1004; x_wconf 89' lang='lat' dir='ltr'>conatum</span> 
     </span>
    </p>

    <p class='ocr_par' dir='ltr' id='par_1_6' title="bbox 45 1032 1471 1174">
     <span class='ocr_line' id='line_1_21' title="bbox 61 1032 1467 1098; baseline -0.001 -17"><span class='ocrx_word' id='word_1_92' title='bbox 61 1036 98 1075; x_wconf 53' lang='lat'>³³</span> <span class='ocrx_word' id='word_1_93' title='bbox 123 1032 273 1092; x_wconf 88' lang='lat' dir='ltr'>beat,</span> <span class='ocrx_word' id='word_1_94' title='bbox 317 1033 454 1082; x_wconf 90' lang='lat' dir='ltr'>nullo</span> <span class='ocrx_word' id='word_1_95' title='bbox 499 1034 647 1082; x_wconf 91' lang='lat' dir='ltr'>modo</span> <span class='ocrx_word' id='word_1_96' title='bbox 693 1034 758 1083; x_wconf 90' lang='lat' dir='ltr'>ad</span> <span class='ocrx_word' id='word_1_97' title='bbox 797 1049 1007 1098; x_wconf 90' lang='lat' dir='ltr'>corpora</span> <span class='ocrx_word' id='word_1_98' title='bbox 1046 1041 1188 1081; x_wconf 87' lang='lat' dir='ltr'>extra</span> <span class='ocrx_word' id='word_1_99' title='bbox 1229 1032 1467 1081; x_wconf 87' lang='lat' dir='ltr'>circulum</span> 
     </span>
     <span class='ocr_line' id='line_1_22' title="bbox 45 1095 1471 1174; baseline 0 -18"><span class='ocrx_word' id='word_1_100' title='bbox 45 1095 242 1173; x_wconf 52' lang='lat' dir='ltr'>*posita</span> <span class='ocrx_word' id='word_1_101' title='bbox 263 1116 497 1157; x_wconf 90' lang='lat' dir='ltr'>conatum</span> <span class='ocrx_word' id='word_1_102' title='bbox 523 1110 885 1174; x_wconf 82' lang='lat' dir='ltr'>propagabunt.</span> <span class='ocrx_word' id='word_1_103' title='bbox 956 1109 1034 1157; x_wconf 88' lang='lat' dir='ltr'>Illi</span> <span class='ocrx_word' id='word_1_104' title='bbox 1067 1124 1203 1169; x_wconf 88' lang='lat' dir='ltr'>vero,</span> <span class='ocrx_word' id='word_1_105' title='bbox 1241 1108 1327 1172; x_wconf 92' lang='lat' dir='ltr'>qui</span> <span class='ocrx_word' id='word_1_106' title='bbox 1361 1108 1471 1156; x_wconf 90' lang='lat' dir='ltr'>fieri</span> 
     </span>
    </p>

    <p class='ocr_par' dir='ltr' id='par_1_7' title="bbox 55 1178 1468 1249">
     <span class='ocr_line' id='line_1_23' title="bbox 55 1178 1468 1249; baseline -0.001 -15"><span class='ocrx_word' id='word_1_107' title='bbox 55 1178 174 1234; x_wconf 70' lang='lat' dir='ltr'>vhoc</span> <span class='ocrx_word' id='word_1_108' title='bbox 196 1192 482 1248; x_wconf 89' lang='lat' dir='ltr'>supponunt</span> <span class='ocrx_word' id='word_1_109' title='bbox 504 1200 593 1249; x_wconf 90' lang='lat' dir='ltr'>per</span> <span class='ocrx_word' id='word_1_110' title='bbox 614 1186 715 1234; x_wconf 88' lang='lat' dir='ltr'>vim</span> <span class='ocrx_word' id='word_1_111' title='bbox 736 1185 1084 1249; x_wconf 86' lang='lat' dir='ltr'>magneticam,</span> <span class='ocrx_word' id='word_1_112' title='bbox 1119 1185 1198 1233; x_wconf 89' lang='lat' dir='ltr'>vel</span> <span class='ocrx_word' id='word_1_113' title='bbox 1233 1201 1323 1249; x_wconf 92' lang='lat' dir='ltr'>per</span> <span class='ocrx_word' id='word_1_114' title='bbox 1359 1201 1468 1248; x_wconf 91' lang='lat' dir='ltr'>spe-</span> 
     </span>
    </p>

    <p class='ocr_par' dir='ltr' id='par_1_8' title="bbox 56 1259 1469 1326">
     <span class='ocr_line' id='line_1_24' title="bbox 56 1259 1469 1326; baseline -0.001 -16"><span class='ocrx_word' id='word_1_115' title='bbox 56 1259 179 1310; x_wconf 77' lang='lat' dir='ltr'>cies</span> <span class='ocrx_word' id='word_1_116' title='bbox 201 1259 533 1324; x_wconf 86' lang='lat' dir='ltr'>incorporeas,</span> <span class='ocrx_word' id='word_1_117' title='bbox 569 1278 656 1310; x_wconf 92' lang='lat' dir='ltr'>seu</span> <span class='ocrx_word' id='word_1_118' title='bbox 689 1262 1060 1321; x_wconf 88' lang='lat' dir='ltr'>immateriatas,</span> <span class='ocrx_word' id='word_1_119' title='bbox 1105 1277 1303 1310; x_wconf 90' lang='lat' dir='ltr'>causam</span> <span class='ocrx_word' id='word_1_120' title='bbox 1343 1261 1469 1326; x_wconf 92' lang='lat' dir='ltr'>phy-</span> 
     </span>
    </p>

    <p class='ocr_par' dir='ltr' id='par_1_9' title="bbox 45 1335 1472 1402">
     <span class='ocr_line' id='line_1_25' title="bbox 45 1335 1472 1402; baseline -0.001 -15"><span class='ocrx_word' id='word_1_121' title='bbox 45 1335 233 1402; x_wconf 49' lang='lat' dir='ltr'>Jflieam</span> <span class='ocrx_word' id='word_1_122' title='bbox 254 1351 357 1384; x_wconf 91' lang='lat' dir='ltr'>non</span> <span class='ocrx_word' id='word_1_123' title='bbox 380 1336 681 1401; x_wconf 83' lang='lat' dir='ltr'>supponunt,</span> <span class='ocrx_word' id='word_1_124' title='bbox 719 1339 870 1387; x_wconf 91' lang='lat' dir='ltr'>immo</span> <span class='ocrx_word' id='word_1_125' title='bbox 907 1354 1024 1386; x_wconf 90' lang='lat' dir='ltr'>vero</span> <span class='ocrx_word' id='word_1_126' title='bbox 1062 1338 1133 1386; x_wconf 88' lang='lat' dir='ltr'>nil</span> <span class='ocrx_word' id='word_1_127' title='bbox 1170 1345 1472 1402; x_wconf 88' lang='lat' dir='ltr'>supponunt,</span> 
     </span>
    </p>

    <p class='ocr_par' dir='ltr' id='par_1_10' title="bbox 44 1412 1476 1478">
     <span class='ocr_line' id='line_1_26' title="bbox 81 1412 1476 1478; baseline 0.001 -18.948"><span class='ocrx_word' id='word_1_128' title='bbox 81 1412 196 1476; x_wconf 77' lang='lat' dir='ltr'>quia</span> <span class='ocrx_word' id='word_1_129' title='bbox 217 1427 420 1460; x_wconf 88' lang='lat' dir='ltr'>movens</span> <span class='ocrx_word' id='word_1_130' title='bbox 438 1412 785 1478; x_wconf 89' lang='lat' dir='ltr'>incorporeum</span> <span class='ocrx_word' id='word_1_131' title='bbox 807 1414 998 1463; x_wconf 91' lang='lat' dir='ltr'>nullum</span> <span class='ocrx_word' id='word_1_132' title='bbox 1020 1423 1095 1463; x_wconf 89' lang='grc'>051</span> <span class='ocrx_word' id='word_1_133' title='bbox 1115 1435 1127 1470; x_wconf 90' lang='grc'><strong>;</strong></span> <span class='ocrx_word' id='word_1_134' title='bbox 1165 1422 1216 1463; x_wconf 88' lang='grc'>01</span> <span class='ocrx_word' id='word_1_135' title='bbox 1238 1414 1313 1461; x_wconf 90' lang='lat' dir='ltr'>vis</span> <span class='ocrx_word' id='word_1_136' title='bbox 1338 1429 1476 1477; x_wconf 86' lang='lat' dir='ltr'>mag-</span> 
     </span>
    </p>

    <p class='ocr_par' dir='ltr' id='par_1_11' title="bbox 50 1487 1475 1556">
     <span class='ocr_line' id='line_1_27' title="bbox 50 1487 1475 1556; baseline -0.001 -16"><span class='ocrx_word' id='word_1_137' title='bbox 50 1511 61 1556; x_wconf 51' lang='grc'><strong><em>]</em></strong></span> <span class='ocrx_word' id='word_1_138' title='bbox 79 1487 247 1541; x_wconf 69' lang='lat' dir='ltr'>metica</span> <span class='ocrx_word' id='word_1_139' title='bbox 269 1504 380 1552; x_wconf 87' lang='lat' dir='ltr'>quae</span> <span class='ocrx_word' id='word_1_140' title='bbox 402 1488 467 1537; x_wconf 88' lang='lat' dir='ltr'>sit</span> <span class='ocrx_word' id='word_1_141' title='bbox 488 1489 762 1554; x_wconf 85' lang='lat' dir='ltr'>ignoratur,</span> <span class='ocrx_word' id='word_1_142' title='bbox 807 1498 858 1539; x_wconf 93' lang='lat' dir='ltr'>et</span> <span class='ocrx_word' id='word_1_143' title='bbox 893 1491 1089 1554; x_wconf 90' lang='lat' dir='ltr'>quando</span> <span class='ocrx_word' id='word_1_144' title='bbox 1126 1491 1221 1539; x_wconf 91' lang='lat' dir='ltr'>erit</span> <span class='ocrx_word' id='word_1_145' title='bbox 1260 1489 1475 1554; x_wconf 84' lang='lat' dir='ltr'>cognita,</span> 
     </span>
    </p>

    <p class='ocr_par' dir='ltr' id='par_1_12' title="bbox 39 1563 1479 1704">
     <span class='ocr_line' id='line_1_28' title="bbox 59 1563 1479 1630; baseline 0.001 -18"><span class='ocrx_word' id='word_1_146' title='bbox 59 1575 65 1587; x_wconf 50' lang='lat'>&#39;¹</span> <span class='ocrx_word' id='word_1_147' title='bbox 80 1563 361 1613; x_wconf 82' lang='lat' dir='ltr'>invenietur</span> <span class='ocrx_word' id='word_1_148' title='bbox 396 1580 503 1614; x_wconf 86' lang='lat' dir='ltr'>esse</span> <span class='ocrx_word' id='word_1_149' title='bbox 542 1574 707 1614; x_wconf 90' lang='lat' dir='ltr'>motus</span> <span class='ocrx_word' id='word_1_150' title='bbox 744 1566 982 1630; x_wconf 88' lang='lat' dir='ltr'>corporis.</span> <span class='ocrx_word' id='word_1_151' title='bbox 1053 1567 1228 1615; x_wconf 85' lang='lat' dir='ltr'>Restat</span> <span class='ocrx_word' id='word_1_152' title='bbox 1265 1582 1386 1629; x_wconf 89' lang='lat' dir='ltr'>ergo</span> <span class='ocrx_word' id='word_1_153' title='bbox 1421 1572 1479 1614; x_wconf 91' lang='lat' dir='ltr'>ut</span> 
     </span>
     <span class='ocr_line' id='line_1_29' title="bbox 79 1638 1477 1704; baseline 0 -16"><span class='ocrx_word' id='word_1_154' title='bbox 79 1638 299 1704; x_wconf 44' lang='lat' dir='ltr'>&gt;planetae</span> <span class='ocrx_word' id='word_1_155' title='bbox 322 1639 558 1704; x_wconf 82' lang='lat' dir='ltr'>primarii,</span> <span class='ocrx_word' id='word_1_156' title='bbox 583 1641 624 1689; x_wconf 90' lang='lat' dir='ltr'>si</span> <span class='ocrx_word' id='word_1_157' title='bbox 647 1658 678 1690; x_wconf 92' lang='lat' dir='ltr'>a</span> <span class='ocrx_word' id='word_1_158' title='bbox 701 1641 803 1690; x_wconf 91' lang='lat' dir='ltr'>sole</span> <span class='ocrx_word' id='word_1_159' title='bbox 827 1641 1253 1700; x_wconf 87' lang='lat' dir='ltr'>circumferantur,</span> <span class='ocrx_word' id='word_1_160' title='bbox 1278 1649 1330 1689; x_wconf 91' lang='lat' dir='ltr'>et</span> <span class='ocrx_word' id='word_1_161' title='bbox 1342 1639 1477 1699; x_wconf 85' lang='lat' dir='ltr'>luna,</span> 
     </span>
    </p>

    <p class='ocr_par' dir='ltr' id='par_1_13' title="bbox 50 1714 1481 1785">
     <span class='ocr_line' id='line_1_30' title="bbox 81 1714 1481 1774; baseline 0 -11"><span class='ocrx_word' id='word_1_162' title='bbox 81 1714 182 1764; x_wconf 66' lang='lat' dir='ltr'>sta</span> <span class='ocrx_word' id='word_1_163' title='bbox 203 1723 352 1774; x_wconf 82' lang='lat' dir='ltr'>terra,</span> <span class='ocrx_word' id='word_1_164' title='bbox 390 1715 777 1765; x_wconf 83' lang='lat' dir='ltr'>circumlationis</span> <span class='ocrx_word' id='word_1_165' title='bbox 814 1733 985 1766; x_wconf 87' lang='lat' dir='ltr'>causas</span> <span class='ocrx_word' id='word_1_166' title='bbox 1022 1718 1239 1766; x_wconf 87' lang='lat' dir='ltr'>habeant</span> <span class='ocrx_word' id='word_1_167' title='bbox 1277 1716 1394 1765; x_wconf 91' lang='lat' dir='ltr'>solis</span> <span class='ocrx_word' id='word_1_168' title='bbox 1430 1723 1481 1764; x_wconf 89' lang='lat' dir='ltr'>et</span> 
     </span>
    </p>

    <p class='ocr_par' dir='ltr' id='par_1_14' title="bbox 46 1792 1481 1861">
     <span class='ocr_line' id='line_1_31' title="bbox 46 1792 1481 1861; baseline -0.001 -21"><span class='ocrx_word' id='word_1_169' title='bbox 46 1837 62 1861; x_wconf 66' lang='lat' dir='ltr'>a</span> <span class='ocrx_word' id='word_1_170' title='bbox 83 1797 232 1840; x_wconf 79' lang='lat' dir='ltr'>terrae</span> <span class='ocrx_word' id='word_1_171' title='bbox 267 1799 433 1840; x_wconf 86' lang='lat' dir='ltr'>motus</span> <span class='ocrx_word' id='word_1_172' title='bbox 458 1792 722 1841; x_wconf 85' lang='lat' dir='ltr'>circulares</span> <span class='ocrx_word' id='word_1_173' title='bbox 743 1792 1004 1856; x_wconf 90' lang='lat' dir='ltr'>simplices.</span> <span class='ocrx_word' id='word_1_174' title='bbox 1077 1793 1164 1841; x_wconf 89' lang='lat' dir='ltr'>Sin</span> <span class='ocrx_word' id='word_1_175' title='bbox 1188 1809 1291 1841; x_wconf 93' lang='lat' dir='ltr'>non</span> <span class='ocrx_word' id='word_1_176' title='bbox 1324 1808 1354 1840; x_wconf 92' lang='lat' dir='ltr'>a</span> <span class='ocrx_word' id='word_1_177' title='bbox 1378 1792 1481 1840; x_wconf 88' lang='lat' dir='ltr'>sole</span> 
     </span>
    </p>

    <p class='ocr_par' dir='ltr' id='par_1_15' title="bbox 49 1858 1481 1932">
     <span class='ocr_line' id='line_1_32' title="bbox 84 1866 1481 1932; baseline 0 -17"><span class='ocrx_word' id='word_1_178' title='bbox 84 1874 140 1921; x_wconf 69' lang='grc'>,01</span> <span class='ocrx_word' id='word_1_179' title='bbox 162 1874 299 1916; x_wconf 85' lang='lat' dir='ltr'>terra</span> <span class='ocrx_word' id='word_1_180' title='bbox 320 1866 748 1928; x_wconf 83' lang='lat' dir='ltr'>circumferantur,</span> <span class='ocrx_word' id='word_1_181' title='bbox 774 1868 862 1916; x_wconf 88' lang='lat' dir='ltr'>sed</span> <span class='ocrx_word' id='word_1_182' title='bbox 883 1868 1086 1932; x_wconf 90' lang='lat' dir='ltr'>planeta</span> <span class='ocrx_word' id='word_1_183' title='bbox 1108 1885 1251 1917; x_wconf 90' lang='lat' dir='ltr'>suum</span> <span class='ocrx_word' id='word_1_184' title='bbox 1275 1867 1481 1931; x_wconf 86' lang='lat' dir='ltr'>quisque</span> 
     </span>
    </p>

    <p class='ocr_par' dir='ltr' id='par_1_16' title="bbox 58 1942 1482 2007">
     <span class='ocr_line' id='line_1_33' title="bbox 58 1942 1482 2007; baseline 0 -15"><span class='ocrx_word' id='word_1_185' title='bbox 58 1942 63 1977; x_wconf 76' lang='grc' dir='ltr'>ἶ</span> <span class='ocrx_word' id='word_1_186' title='bbox 83 1942 285 2007; x_wconf 84' lang='lat' dir='ltr'>corpori</span> <span class='ocrx_word' id='word_1_187' title='bbox 307 1958 530 1992; x_wconf 88' lang='lat' dir='ltr'>coaevum</span> <span class='ocrx_word' id='word_1_188' title='bbox 551 1952 743 1992; x_wconf 89' lang='lat' dir='ltr'>motum</span> <span class='ocrx_word' id='word_1_189' title='bbox 765 1944 962 2003; x_wconf 91' lang='lat' dir='ltr'>habeat,</span> <span class='ocrx_word' id='word_1_190' title='bbox 1001 1961 1149 1992; x_wconf 90' lang='lat' dir='ltr'>causa</span> <span class='ocrx_word' id='word_1_191' title='bbox 1183 1960 1354 1992; x_wconf 90' lang='lat' dir='ltr'>eorum</span> <span class='ocrx_word' id='word_1_192' title='bbox 1376 1960 1482 1992; x_wconf 91' lang='lat' dir='ltr'>mo-</span> 
     </span>
    </p>

    <p class='ocr_par' dir='ltr' id='par_1_17' title="bbox 50 2018 1484 2159">
     <span class='ocr_line' id='line_1_34' title="bbox 58 2018 1482 2083; baseline -0.002 -13.017"><span class='ocrx_word' id='word_1_193' title='bbox 58 2023 66 2030; x_wconf 78' lang='grc'><em>”</em></span> <span class='ocrx_word' id='word_1_194' title='bbox 84 2025 232 2070; x_wconf 68' lang='lat' dir='ltr'>mum</span> <span class='ocrx_word' id='word_1_195' title='bbox 252 2018 460 2083; x_wconf 88' lang='lat' dir='ltr'>physica</span> <span class='ocrx_word' id='word_1_196' title='bbox 481 2019 618 2068; x_wconf 91' lang='lat' dir='ltr'>nulla</span> <span class='ocrx_word' id='word_1_197' title='bbox 641 2020 752 2068; x_wconf 90' lang='lat' dir='ltr'>erit.</span> <span class='ocrx_word' id='word_1_198' title='bbox 823 2019 954 2067; x_wconf 92' lang='lat' dir='ltr'>Nam</span> <span class='ocrx_word' id='word_1_199' title='bbox 970 2020 1049 2067; x_wconf 87' lang='lat' dir='ltr'>vel</span> <span class='ocrx_word' id='word_1_200' title='bbox 1069 2020 1357 2083; x_wconf 89' lang='lat' dir='ltr'>corporibus</span> <span class='ocrx_word' id='word_1_201' title='bbox 1382 2019 1482 2067; x_wconf 90' lang='lat' dir='ltr'>suis</span> 
     </span>
     <span class='ocr_line' id='line_1_35' title="bbox 62 2093 1484 2159; baseline 0.001 -17"><span class='ocrx_word' id='word_1_202' title='bbox 62 2093 339 2143; x_wconf 73' lang='lat' dir='ltr'>&#39;concreati</span> <span class='ocrx_word' id='word_1_203' title='bbox 363 2101 496 2153; x_wconf 89' lang='lat' dir='ltr'>sunt,</span> <span class='ocrx_word' id='word_1_204' title='bbox 530 2094 698 2158; x_wconf 88' lang='lat' dir='ltr'>itaque</span> <span class='ocrx_word' id='word_1_205' title='bbox 731 2111 928 2143; x_wconf 89' lang='lat' dir='ltr'>causam</span> <span class='ocrx_word' id='word_1_206' title='bbox 964 2095 1149 2143; x_wconf 87' lang='lat' dir='ltr'>habent</span> <span class='ocrx_word' id='word_1_207' title='bbox 1192 2102 1484 2159; x_wconf 89' lang='lat' dir='ltr'>supernatu-</span> 
     </span>
    </p>

    <p class='ocr_par' dir='ltr' id='par_1_18' title="bbox 51 2162 1484 2230">
     <span class='ocr_line' id='line_1_36' title="bbox 51 2162 1484 2230; baseline 0.003 -16"><span class='ocrx_word' id='word_1_208' title='bbox 51 2162 55 2214; x_wconf 74' lang='grc' dir='ltr'>ζ</span> <span class='ocrx_word' id='word_1_209' title='bbox 78 2169 243 2219; x_wconf 51' lang='lat' dir='ltr'>¹talem</span> <span class='ocrx_word' id='word_1_210' title='bbox 266 2188 277 2217; x_wconf 72' lang='grc' dir='ltr'>ε</span> <span class='ocrx_word' id='word_1_211' title='bbox 314 2169 392 2218; x_wconf 88' lang='lat' dir='ltr'>vel</span> <span class='ocrx_word' id='word_1_212' title='bbox 416 2171 667 2230; x_wconf 80' lang='lat' dir='ltr'>coaeterni,</span> <span class='ocrx_word' id='word_1_213' title='bbox 694 2178 745 2218; x_wconf 93' lang='lat' dir='ltr'>et</span> <span class='ocrx_word' id='word_1_214' title='bbox 765 2170 835 2219; x_wconf 90' lang='lat' dir='ltr'>sic</span> <span class='ocrx_word' id='word_1_215' title='bbox 856 2171 1057 2219; x_wconf 91' lang='lat' dir='ltr'>omnino</span> <span class='ocrx_word' id='word_1_216' title='bbox 1078 2187 1276 2219; x_wconf 89' lang='lat' dir='ltr'>causam</span> <span class='ocrx_word' id='word_1_217' title='bbox 1298 2171 1484 2219; x_wconf 87' lang='lat' dir='ltr'>habent</span> 
     </span>
    </p>

    <p class='ocr_par' dir='ltr' id='par_1_19' title="bbox 3 2240 1486 2311">
     <span class='ocr_line' id='line_1_37' title="bbox 3 2240 1486 2311; baseline -0.001 -15"><span class='ocrx_word' id='word_1_218' title='bbox 3 2304 5 2311; x_wconf 85' lang='grc'><strong>,</strong></span> <span class='ocrx_word' id='word_1_219' title='bbox 49 2240 56 2286; x_wconf 79' lang='grc' dir='ltr'>-ἶ</span> <span class='ocrx_word' id='word_1_220' title='bbox 87 2245 310 2301; x_wconf 79' lang='lat' dir='ltr'>nullam3</span> <span class='ocrx_word' id='word_1_221' title='bbox 345 2245 519 2294; x_wconf 89' lang='lat' dir='ltr'>aeterni</span> <span class='ocrx_word' id='word_1_222' title='bbox 541 2246 673 2294; x_wconf 91' lang='lat' dir='ltr'>enim</span> <span class='ocrx_word' id='word_1_223' title='bbox 695 2246 951 2310; x_wconf 88' lang='lat' dir='ltr'>generatio</span> <span class='ocrx_word' id='word_1_224' title='bbox 975 2246 1110 2294; x_wconf 90' lang='lat' dir='ltr'>nulla</span> <span class='ocrx_word' id='word_1_225' title='bbox 1132 2254 1223 2294; x_wconf 87' lang='lat' dir='ltr'>est.</span> <span class='ocrx_word' id='word_1_226' title='bbox 1277 2246 1486 2294; x_wconf 88' lang='lat' dir='ltr'>Accedit</span> 
     </span>
    </p>

    <p class='ocr_par' dir='ltr' id='par_1_20' title="bbox 0 2321 1486 2389">
     <span class='ocr_line' id='line_1_38' title="bbox 0 2321 1486 2389; baseline -0.002 -16"><span class='ocrx_word' id='word_1_227' title='bbox 0 2354 1 2359; x_wconf 65' lang='lat'>=</span> <span class='ocrx_word' id='word_1_228' title='bbox 29 2343 62 2378; x_wconf 62' lang='lat'>1</span> <span class='ocrx_word' id='word_1_229' title='bbox 90 2329 334 2389; x_wconf 84' lang='lat' dir='ltr'>praeterea</span> <span class='ocrx_word' id='word_1_230' title='bbox 357 2321 422 2369; x_wconf 90' lang='lat' dir='ltr'>ad</span> <span class='ocrx_word' id='word_1_231' title='bbox 443 2329 607 2370; x_wconf 89' lang='lat' dir='ltr'>motus</span> <span class='ocrx_word' id='word_1_232' title='bbox 630 2322 777 2386; x_wconf 88' lang='lat' dir='ltr'>hujus</span> <span class='ocrx_word' id='word_1_233' title='bbox 819 2321 1052 2385; x_wconf 88' lang='lat' dir='ltr'>simplicis</span> <span class='ocrx_word' id='word_1_234' title='bbox 1086 2322 1486 2385; x_wconf 88' lang='lat' dir='ltr'>probabilitatem</span> 
     </span>
    </p>

    <p class='ocr_par' dir='ltr' id='par_1_21' title="bbox 58 2397 1486 2462">
     <span class='ocr_line' id='line_1_39' title="bbox 58 2397 1486 2462; baseline -0.003 -14"><span class='ocrx_word' id='word_1_235' title='bbox 58 2459 59 2462; x_wconf 62' lang='grc'><strong>,</strong></span> <span class='ocrx_word' id='word_1_236' title='bbox 93 2397 498 2457; x_wconf 77' lang='lat' dir='ltr'>confirmandam,</span> <span class='ocrx_word' id='word_1_237' title='bbox 541 2397 820 2462; x_wconf 82' lang='lat' dir='ltr'>quodcum</span> <span class='ocrx_word' id='word_1_238' title='bbox 856 2413 1025 2446; x_wconf 88' lang='lat' dir='ltr'>omnes</span> <span class='ocrx_word' id='word_1_239' title='bbox 1062 2397 1165 2445; x_wconf 88' lang='lat' dir='ltr'>fere</span> <span class='ocrx_word' id='word_1_240' title='bbox 1205 2398 1339 2445; x_wconf 90' lang='lat' dir='ltr'>docti</span> <span class='ocrx_word' id='word_1_241' title='bbox 1380 2397 1486 2461; x_wconf 93' lang='lat' dir='ltr'>opi-</span> 
     </span>
    </p>

    <p class='ocr_par' dir='ltr' id='par_1_22' title="bbox 52 2471 1486 2537">
     <span class='ocr_line' id='line_1_40' title="bbox 52 2471 1486 2537; baseline -0.003 -12"><span class='ocrx_word' id='word_1_242' title='bbox 52 2474 67 2497; x_wconf 63' lang='lat'>*</span> <span class='ocrx_word' id='word_1_243' title='bbox 91 2471 231 2526; x_wconf 80' lang='lat' dir='ltr'>uioni</span> <span class='ocrx_word' id='word_1_244' title='bbox 260 2471 615 2536; x_wconf 87' lang='lat' dir='ltr'>Copernicanae</span> <span class='ocrx_word' id='word_1_245' title='bbox 640 2473 773 2522; x_wconf 90' lang='lat' dir='ltr'>circa</span> <span class='ocrx_word' id='word_1_246' title='bbox 793 2473 1149 2537; x_wconf 88' lang='lat' dir='ltr'>parallelismos</span> <span class='ocrx_word' id='word_1_247' title='bbox 1173 2473 1277 2521; x_wconf 86' lang='lat' dir='ltr'>axis</span> <span class='ocrx_word' id='word_1_248' title='bbox 1295 2473 1486 2521; x_wconf 89' lang='lat' dir='ltr'>telluris</span> 
     </span>
    </p>

    <p class='ocr_par' dir='ltr' id='par_1_23' title="bbox 7 2546 1487 2612">
     <span class='ocr_line' id='line_1_41' title="bbox 7 2546 1487 2612; baseline -0.003 -12"><span class='ocrx_word' id='word_1_249' title='bbox 7 2551 13 2577; x_wconf 71' lang='lat'>·³</span> <span class='ocrx_word' id='word_1_250' title='bbox 91 2546 244 2602; x_wconf 57' lang='lat' dir='ltr'>*hodie</span> <span class='ocrx_word' id='word_1_251' title='bbox 268 2549 616 2612; x_wconf 86' lang='lat' dir='ltr'>suffragentur,</span> <span class='ocrx_word' id='word_1_252' title='bbox 638 2549 963 2608; x_wconf 87' lang='lat' dir='ltr'>verisimilius,</span> <span class='ocrx_word' id='word_1_253' title='bbox 988 2556 1075 2597; x_wconf 90' lang='lat' dir='ltr'>aut</span> <span class='ocrx_word' id='word_1_254' title='bbox 1094 2549 1269 2597; x_wconf 89' lang='lat' dir='ltr'>saltem</span> <span class='ocrx_word' id='word_1_255' title='bbox 1288 2549 1487 2597; x_wconf 88' lang='lat' dir='ltr'>concin-</span> 
     </span>
    </p>

    <p class='ocr_par' dir='ltr' id='par_1_24' title="bbox 58 2623 1487 2689">
     <span class='ocr_line' id='line_1_42' title="bbox 58 2623 1487 2689; baseline -0.001 -15"><span class='ocrx_word' id='word_1_256' title='bbox 58 2647 77 2689; x_wconf 51' lang='grc' dir='ltr'>ᾗ</span> <span class='ocrx_word' id='word_1_257' title='bbox 87 2638 206 2674; x_wconf 84' lang='lat' dir='ltr'>mus</span> <span class='ocrx_word' id='word_1_258' title='bbox 253 2623 307 2672; x_wconf 91' lang='lat' dir='ltr'>id</span> <span class='ocrx_word' id='word_1_259' title='bbox 348 2624 458 2672; x_wconf 92' lang='lat' dir='ltr'>fieri</span> <span class='ocrx_word' id='word_1_260' title='bbox 502 2625 764 2674; x_wconf 89' lang='lat' dir='ltr'>videbatur</span> <span class='ocrx_word' id='word_1_261' title='bbox 824 2641 914 2689; x_wconf 89' lang='lat' dir='ltr'>per</span> <span class='ocrx_word' id='word_1_262' title='bbox 967 2632 1158 2673; x_wconf 91' lang='lat' dir='ltr'>motum</span> <span class='ocrx_word' id='word_1_263' title='bbox 1198 2625 1487 2673; x_wconf 88' lang='lat' dir='ltr'>circularem</span> 
     </span>
    </p>

    <p class='ocr_par' dir='ltr' id='par_1_25' title="bbox 54 2699 1488 2765">
     <span class='ocr_line' id='line_1_43' title="bbox 54 2699 1488 2765; baseline -0.001 -15"><span class='ocrx_word' id='word_1_264' title='bbox 54 2704 94 2731; x_wconf 74' lang='lat'>3·</span> <span class='ocrx_word' id='word_1_265' title='bbox 87 2699 370 2765; x_wconf 72' lang='lat' dir='ltr'>&#39;simplicem</span> <span class='ocrx_word' id='word_1_266' title='bbox 396 2717 543 2764; x_wconf 88' lang='lat' dir='ltr'>quam</span> <span class='ocrx_word' id='word_1_267' title='bbox 564 2717 654 2765; x_wconf 89' lang='lat' dir='ltr'>per</span> <span class='ocrx_word' id='word_1_268' title='bbox 678 2701 801 2749; x_wconf 89' lang='lat' dir='ltr'>duos</span> <span class='ocrx_word' id='word_1_269' title='bbox 825 2708 1007 2759; x_wconf 88' lang='lat' dir='ltr'>motus,</span> <span class='ocrx_word' id='word_1_270' title='bbox 1028 2701 1274 2748; x_wconf 90' lang='lat' dir='ltr'>alterum</span> <span class='ocrx_word' id='word_1_271' title='bbox 1261 2717 1314 2748; x_wconf 92' lang='grc'>111</span> <span class='ocrx_word' id='word_1_272' title='bbox 1338 2701 1488 2765; x_wconf 90' lang='lat' dir='ltr'>eclip-</span> 
     </span>
    </p>

    <p class='ocr_par' dir='ltr' id='par_1_26' title="bbox 4 2775 1488 2841">
     <span class='ocr_line' id='line_1_44' title="bbox 4 2775 1488 2841; baseline 0.001 -17"><span class='ocrx_word' id='word_1_273' title='bbox 4 2780 5 2783; x_wconf 77' lang='grc'>’</span> <span class='ocrx_word' id='word_1_274' title='bbox 35 2785 67 2841; x_wconf 52' lang='grc' dir='ltr'>,ἢ</span> <span class='ocrx_word' id='word_1_275' title='bbox 97 2775 212 2835; x_wconf 68' lang='lat' dir='ltr'>tica,</span> <span class='ocrx_word' id='word_1_276' title='bbox 249 2775 460 2825; x_wconf 83' lang='lat' dir='ltr'>alterum</span> <span class='ocrx_word' id='word_1_277' title='bbox 501 2777 633 2825; x_wconf 92' lang='lat' dir='ltr'>circa</span> <span class='ocrx_word' id='word_1_278' title='bbox 667 2793 809 2825; x_wconf 86' lang='lat' dir='ltr'>axem</span> <span class='ocrx_word' id='word_1_279' title='bbox 851 2785 998 2825; x_wconf 89' lang='lat' dir='ltr'>terrae</span> <span class='ocrx_word' id='word_1_280' title='bbox 1034 2777 1289 2840; x_wconf 90' lang='lat' dir='ltr'>proprium</span> <span class='ocrx_word' id='word_1_281' title='bbox 1334 2777 1488 2841; x_wconf 88' lang='lat' dir='ltr'>priori</span> 
     </span>
    </p>

    <p class='ocr_par' dir='ltr' id='par_1_27' title="bbox 0 2851 1488 2924">
     <span class='ocr_line' id='line_1_45' title="bbox 0 2851 1488 2916; baseline 0.001 -15"><span class='ocrx_word' id='word_1_282' title='bbox 0 2869 3 2879; x_wconf 94' lang='lat'><em>·</em></span> <span class='ocrx_word' id='word_1_283' title='bbox 99 2851 418 2912; x_wconf 81' lang='lat' dir='ltr'>contrarium,</span> <span class='ocrx_word' id='word_1_284' title='bbox 459 2860 690 2902; x_wconf 87' lang='lat' dir='ltr'>neutrum</span> <span class='ocrx_word' id='word_1_285' title='bbox 731 2860 896 2902; x_wconf 89' lang='lat' dir='ltr'>autem</span> <span class='ocrx_word' id='word_1_286' title='bbox 935 2852 1221 2916; x_wconf 88' lang='lat' dir='ltr'>simplicem,</span> <span class='ocrx_word' id='word_1_287' title='bbox 1257 2862 1488 2902; x_wconf 89' lang='lat' dir='ltr'>neutrum</span> 
     </span>
    </p>
   </div>
  </div>
 </body>
</html>
