1936 3262
366 271 450 312 xliv
739 283 851 312 vrrAE
873 282 1114 312 HonsslANAE
1136 281 1410 311 Auc'rARmM.

426 393 548 435 AEdis
570 393 726 437 Christi
745 393 938 444 decanus,
973 407 1086 434 nunc
1116 391 1342 449 Episcopus
1364 388 1625 439 oxoniensis,
1650 390 1793 446 (quem

369 484 537 526 honoris
557 499 679 526 causa
696 483 883 537 nomino)
914 497 1044 539 quum
1073 491 1116 523 et
1141 481 1276 538 operis
1306 479 1494 522 vertendi
1522 487 1565 520 et
1598 488 1792 534 typorum

369 583 558 630 sumptus
577 575 801 616 maximam
819 583 980 630 partem
1000 571 1175 629 propriis
1195 571 1389 627 impensis
1409 577 1670 618 sustentaret,
1699 582 1792 610 eam

370 663 449 706 sibi
467 663 675 706 licentiam
694 664 891 718 adseruit,
921 673 968 706 ut
994 678 1089 720 quae
1119 677 1192 705 suo
1221 661 1454 704 adliberent
1472 660 1625 710 animo,
1646 657 1723 700 etsi
1740 657 1795 700 ab

370 752 554 795 authoris
573 763 712 796 mente
731 753 877 803 aliena,
898 753 1048 810 passim
1063 752 1350 802 intersereret3
1381 750 1512 792 multa
1527 758 1679 800 autem,
1700 764 1796 806 quae

370 844 448 901 ipsi
466 859 542 901 pro
561 844 712 887 affectu
731 860 804 888 suo
825 854 867 887 et
884 844 1065 902 partium
1085 842 1221 885 studio
1237 841 1511 898 displicerent,
1533 849 1796 898 expurgaret.

373 933 443 977 Ob
463 934 593 977 isthoc
611 935 765 977 factum
786 933 1018 976 incredibili
1032 932 1173 975 dolore
1192 931 1362 975 affectus
1380 941 1442 973 est
1460 930 1622 981 author,
1643 939 1686 972 et
1699 944 1799 972 con-

371 1024 613 1067 taminatam
632 1024 814 1067 historiae
834 1024 959 1066 fidem
980 1023 1217 1080 gravissime
1237 1031 1495 1078 conquestus,
1512 1020 1616 1062 nihil
1631 1019 1797 1062 interim

372 1114 543 1156 remedii
563 1114 809 1170 impetravit.

430 1204 527 1246 Prae
546 1203 635 1245 aliis
655 1213 796 1245 autem
817 1202 999 1253 maculis,
1022 1203 1173 1259 quibus
1192 1217 1218 1244 a
1236 1202 1421 1244 censoria
1439 1217 1566 1244 manu
1581 1201 1800 1257 deturpata

373 1302 436 1335 est
458 1293 630 1336 celebris
657 1292 728 1335 illa
760 1292 976 1335 doctorum
1009 1292 1191 1333 virorum
1216 1291 1386 1333 historia
1404 1291 1597 1342 literaria,
1627 1291 1803 1348 pessime

377 1383 654 1425 deformatum
688 1392 751 1425 est
777 1383 958 1440 elogium
990 1383 1276 1433 Hobbianum,
1309 1382 1502 1424 detractis
1532 1397 1628 1439 quae
1655 1382 1708 1424 ab
1727 1396 1802 1423 au-

376 1474 496 1516 thore
520 1474 738 1531 adscriptae
758 1484 856 1516 sunt
874 1474 1079 1524 laudibus,
1110 1489 1335 1530 earumque
1364 1474 1407 1515 in
1435 1474 1571 1516 locum
1591 1473 1804 1530 vituperiis

377 1564 621 1606 substitutis.
683 1564 792 1606 Rem
820 1563 950 1620 ipsam
977 1579 1073 1606 vero
1103 1563 1340 1620 simpliciter
1369 1579 1576 1620 exponere
1595 1563 1802 1615 constitui,

380 1661 469 1695 tum
505 1663 552 1695 ut
582 1653 753 1695 Hobbio
788 1653 951 1695 debitus
982 1662 1140 1694 constet
1165 1653 1308 1704 honos,
1342 1663 1431 1695 tum
1459 1653 1636 1705 authori,
1667 1653 1804 1711 quoad

379 1744 469 1786 fieri
489 1744 652 1801 poterit,
668 1744 738 1800 jus
757 1759 878 1786 suum
898 1744 942 1786 in
961 1744 1170 1801 integrum
1189 1745 1440 1787 restituatur.

411 1924 481 1967 Ex
503 1925 728 1967 H1s'r0R1A
747 1938 803 1966 ET
823 1924 1213 1971 ANTIQUITATIBUS
1235 1925 1582 1968 UmvnsssrrA'rls
1603 1925 1779 1969 Oxom-

537 2011 673 2040 ENSJS.
735 1998 848 2040 Edit.
869 1998 1006 2040 Oxon.
1031 2000 1151 2050 1674,
1174 1998 1246 2041 lib.
1267 2002 1307 2049 2,
1328 2014 1368 2055 p.
1389 2001 1470 2043 376
1492 2010 1534 2042 et
1553 2002 1605 2044 37
1610 2001 1649 2044 7.

442 2105 627 2147 Thomas
662 2105 868 2156 Hobbius‚
902 2105 1026 2163 vulgo
1048 2105 1234 2157 Hobbes,
1254 2106 1497 2163 Westportae
1531 2107 1574 2148 in
1608 2107 1807 2150 Malmes-

383 2196 507 2238 buria
541 2195 694 2252 oppido
731 2197 975 2239 mercatorio
1016 2197 1303 2239 Wiltonienses
1340 2198 1461 2249 inter,
1501 2207 1622 2240 natus
1662 2199 1808 2256 quinto

384 2285 543 2342 Aprilis
571 2301 681 2328 anno
704 2289 824 2328 1588.
884 2286 1036 2329 Literis
1073 2287 1234 2329 Latinis
1267 2296 1310 2329 et
1344 2287 1503 2330 Graecis
1533 2288 1729 2340 initiatus,
1764 2289 1808 2331 in

384 2375 519 2430 hanc†
538 2375 677 2417 aulam
696 2375 895 2418 admissus
921 2386 984 2418 est
1013 2392 1123 2419 anno
1147 2380 1267 2428 1603,
1287 2378 1360 2420 ubi
1380 2392 1547 2434 operam
1566 2378 1810 2435 impendens

381 2465 533 2507 studiis
566 2466 869 2523 philosophicis,
902 2467 1103 2510 admissus
1133 2468 1212 2510 fuit
1249 2468 1303 2510 ad
1335 2468 1550 2511 lectionem
1589 2469 1809 2525 cujuslibet

379 2554 476 2597 libri
509 2555 660 2613 logices
693 2561 719 2599 5
742 2557 842 2600 Feb.
868 2561 987 2601 1607.
1048 2558 1148 2600 Post
1181 2573 1305 2616 quem
1338 2559 1515 2616 gradum
1543 2561 1808 2619 quadragesi-

382 2645 558 2688 malibus
579 2647 990 2690 determinationibus
1009 2648 1271 2704 completum,
1303 2649 1346 2690 in
1375 2649 1607 2692 clientelam
1626 2651 1747 2693 simul
1766 2660 1808 2693 et

383 2735 582 2779 familiam
629 2738 685 2780 D.
727 2739 927 2782 Gulielmi
968 2739 1215 2791 Cavendish,
1263 2740 1437 2783 Baronis
1476 2741 1529 2783 de
1569 2741 1807 2792 Hardwick,

871 2882 892 2920 †
914 2880 1032 2912 Aulam
1047 2881 1295 2922 Magdalensem.

1920 97 1922 110 ·<
1926 68 1927 71 „
1919 0 1936 56 -τε
