1936 3262
625 283 726 311 vrrA
748 282 855 311 τΗο.
880 282 1066 312 nossBEs.
1469 268 1568 310 xciii

234 395 451 440 Lutetiam
469 394 526 438 ad
544 409 688 453 regem
708 394 865 436 multus
885 393 1000 436 venit
1019 392 1118 435 inde
1134 391 1330 435 scholaris

293 485 506 545 Expulsus
525 486 673 544 patria,
696 485 837 536 tristis,
859 500 1030 543 egenus,
1051 499 1170 527 onus.

237 578 337 625 Huc
356 578 437 622 fuit
455 593 589 636 usque
611 577 712 620 meis
732 577 880 620 studiis
901 592 998 634 pax,
1020 575 1297 633 multiplicata

293 669 411 732 Duru
430 669 617 713 facerent
634 684 767 712 annos
787 679 881 712 octo
900 684 976 726 per
996 677 1089 711 octo
1110 683 1248 710 meos:

240 761 327 805 Sed
345 776 463 804 meus
481 760 552 803 ille
570 760 691 812 liber,
713 760 838 802 simul
857 769 984 818 atque
1004 759 1262 802 scholaribus
1282 759 1362 802 illis

297 851 454 895 Lectus
473 860 576 902 erat,
594 851 693 894 Jani
712 851 930 894 dissiluere
951 850 1072 893 fores.

240 943 354 987 Nam
376 942 487 1001 Regi
505 957 677 986 accusor
693 941 809 993 falso,
828 942 946 1000 quasi
967 942 1077 984 facta
1095 942 1320 999 probarem

297 1033 437 1092 Impia
457 1033 710 1085 Cromwelli‚
726 1034 797 1090 jus
818 1033 1046 1091 scelerique
1066 1032 1223 1076 darem.

238 1124 470 1182 ‚Creditum
499 1125 683 1168 adversis
703 1126 748 1168 in
768 1126 958 1183 partibus
978 1141 1067 1168 esse
1086 1125 1285 1176 videbar3

300 1215 514 1274 Perpetuo
527 1217 683 1273 jubeor
706 1217 836 1275 Regis
857 1218 1002 1260 abesse
1021 1217 1160 1259 domo.

185 1343 192 1350 .
244 1306 371 1351 Tunc
390 1307 507 1350 venit
524 1307 570 1350 in
590 1317 776 1350 mentem
796 1308 900 1350 mihi
921 1309 1182 1364 Dorislaus,†
1201 1318 1244 1351 et
1265 1309 1446 1351 Ascham
1464 1316 1501 1360 ;†

302 1399 526 1458 Tanquam
547 1400 780 1458 proscripto
801 1410 937 1476 terror
956 1401 1115 1459 ubique
1133 1401 1291 1444 aderat.

246 1489 339 1533 Nec
357 1490 412 1534 de
431 1505 531 1550 rege
551 1491 675 1549 queri·
690 1491 821 1534 licuit.
882 1494 1000 1535 Nam
1022 1500 1122 1535 tunc
1141 1495 1378 1536 adolescens

306 1585 505 1627 Credidit
522 1586 610 1635 ille,
632 1585 785 1641 quibus
804 1586 987 1627 credidit
1001 1591 1102 1627 ante
1113 1591 1255 1641 pater.

248 1673 300 1716 In
315 1673 496 1731 patriam
515 1673 642 1717 redeo
663 1673 807 1717 tutelae
828 1689 914 1717 non
935 1675 1044 1717 bene
1064 1685 1215 1726 certus,

308 1764 394 1808 Sed
413 1764 531 1807 nullo
549 1765 669 1822 potui
690 1765 820 1808 tutior
840 1780 928 1808 esse
947 1766 1062 1809 loco:

251 1857 403 1915 Frigus
421 1865 527 1911 erat,
545 1857 622 1898 nix
640 1856 738 1907 alta,
761 1873 890 1900 senex
905 1873 998 1916 ego,
1019 1868 1169 1901 ventus
1189 1860 1363 1902 acerbus
1378 1877 1389 1911 ;

307 1949 448 1992 Vexat
466 1964 600 2007 equus
619 1958 790 1992 sternax
811 1959 855 1992 et
874 1950 1083 1994 salebrosa
1103 1952 1182 1995 via.

250 2039 498 2083 Londinum
516 2030 702 2090 veniens,
724 2055 779 2082 ne
799 2040 908 2083 clam
929 2041 1089 2084 venisse
1110 2041 1287 2092 viderer,

311 2133 501 2176 Concilio
522 2134 675 2175 Status
693 2131 979 2174 conciliandus
1000 2147 1130 2175 eram.

254 2221 354 2272 Quo
371 2221 496 2273 facto,
518 2222 658 2265 statim
679 2238 843 2266 summa
862 2239 958 2266 cum
974 2239 1077 2281 pace
1097 2224 1261 2275 recedo,

312 2312 372 2356 Et
388 2313 447 2357 sic
467 2329 536 2356 me
555 2314 703 2356 studiis
722 2314 899 2372 applico,
923 2325 970 2357 ut
988 2325 1100 2366 ante,
1123 2315 1240 2359 meis.

259 2403 406 2464 Solum
425 2405 632 2463 regnabat
651 2414 752 2448 tunc
772 2406 942 2448 nomine
962 2408 1330 2458 Parliamentum3

319 2495 484 2540 Praesul
503 2506 594 2539 erat
612 2496 767 2548 nullus,
793 2497 1154 2555 Presbyterusque
1173 2497 1292 2539 nihil.

261 2585 418 2631 Omnia
435 2587 554 2631 miles
573 2597 676 2639 erat,
698 2589 952 2631 committier
972 2589 1114 2631 omnia
1134 2598 1177 2631 et
1196 2589 1271 2631 uni

319 2677 524 2723 Poscebat
536 2697 548 2732 ;
578 2680 703 2724 tacite
725 2680 945 2725 Cromwell
969 2680 1004 2723 is
1023 2696 1133 2723 unus
1153 2689 1255 2723 erat.

190 2839 213 2879 †
235 2838 399 2880 Regieidae
413 2838 567 2876 infamem
591 2850 729 2881 quorum
743 2840 797 2872 hic
811 2840 896 2882 apud
913 2841 1088 2882 Hispanos,
1108 2840 1163 2872 ille
1185 2841 1270 2882 apud
1285 2840 1469 2873 Foederatos
1487 2841 1606 2882 Belgas

150 2911 170 2933 ι
182 2900 454 2933 Ριτῐίιιῐιρῃῑπίἰε
466 2900 604 2943 legatus,
619 2912 636 2933 a
652 2901 748 2943 regiis
764 2902 901 2934 confossi
915 2902 1089 2943 perierunt.
