1936 3262
489 208 584 250 286
816 218 885 250 DE
914 218 1252 251 RATIONIBUS
1280 218 1536 252 MOTUUM.

964 444 1176 493 CAPUT
1210 446 1401 494 XXIII.

489 591 560 626 DE
590 593 805 628 CENTRO
831 594 1166 636 AEQUILIBRII
1210 595 1402 630 EORUM
1435 595 1561 638 QUAE
1597 593 1860 633 PREMUNT

698 668 1001 703 SECUNDUM
1032 669 1239 704 RECTAS
1269 669 1640 704 PARALLELAS.

489 758 523 794 l.
550 756 801 795 Definitiones
829 764 867 796 et
897 758 1246 808 hypotheses—2.
1283 759 1374 797 Duo
1410 760 1522 810 plana
1557 759 1758 810 aequilibrii
1784 773 1858 800 non

538 823 626 855 sunt
651 819 929 868 parallela.--3.
958 819 1142 857 Centrum
1160 820 1361 869 aequilibrii
1390 826 1446 858 est
1462 821 1501 858 in
1521 820 1692 871 quolibet
1717 821 1860 872 aequili-

538 879 611 916 brii
636 880 874 929 plana—4.
915 880 1212 918 Ponderantium
1249 882 1454 931 aequalium
1485 885 1678 919 momenta
1708 886 1795 919 sunt
1819 882 1860 920 iu
1877 931 1886 934 Δ

538 940 684 977 ratione
716 941 978 978 distantiarum
1010 953 1033 978 a
1063 946 1194 978 centro
1229 942 1348 979 librae.
1364 944 1460 987 —5‚
1493 944 1532 981 6.
1560 941 1888 980 Ponderantium·

538 1001 781 1050 inaequalium
812 1006 1003 1039 momenta
1034 1006 1122 1038 sunt
1152 1002 1190 1038 in
1227 1002 1372 1039 ratione
1405 1002 1616 1051 composita
1642 1014 1691 1039 ex
1716 1002 1866 1041 rationo
1888 1014 1889 1017 ’

537 1062 750 1110 ponderum
781 1067 820 1099 et
850 1062 1113 1099 distantiarum
1141 1075 1164 1100 a
1195 1067 1326 1100 centro
1356 1063 1464 1101 librae
1492 1063 1790 1112 reciproca.—7.
1819 1063 1860 1103 Si

538 1122 613 1159 duo
632 1123 880 1171 ponderantia
906 1123 1048 1160 habent
1074 1127 1266 1160 momenta
1291 1128 1330 1160 et
1347 1123 1542 1160 distantias
1566 1136 1589 1160 a
1606 1128 1737 1161 centro
1754 1123 1859 1163 librae

538 1183 577 1218 in
608 1183 753 1220 ratione
785 1183 990 1232 reciproca,
1017 1182 1062 1220 fit
1089 1183 1365 1232 aequilibrium;
1392 1189 1430 1221 et
1457 1184 1794 1223 conversim—8.
1820 1184 1860 1224 si
1880 1180 1889 1186 ²

538 1244 781 1292 ponderantis
807 1249 932 1294 partes
959 1245 1156 1295 aequaliter
1183 1245 1326 1295 ubique
1357 1245 1505 1282 radium
1539 1245 1646 1283 librae
1672 1250 1859 1295 premunt,

539 1305 734 1342 habebunt
764 1313 889 1355 partes
920 1306 1079 1356 siugulae
1111 1307 1297 1351 abscissae,
1334 1311 1495 1356 sumptae
1531 1318 1555 1344 a
1580 1311 1712 1344 centro
1737 1306 1860 1352 libras,
1885 1304 1904 1344 ’ζ

540 1371 731 1403 momenta
749 1367 787 1403 in
802 1367 932 1403 eadem
949 1367 1047 1403 inter
1064 1379 1103 1404 se
1118 1368 1275 1410 ratione,
1290 1367 1329 1403 in
1345 1379 1420 1416 qua
1433 1371 1521 1404 sunt
1538 1371 1664 1416 partes
1684 1367 1861 1418 trianguli

537 1426 712 1464 abscissae
743 1439 765 1464 a
796 1427 938 1464 vertice
969 1439 1038 1475 per
1066 1431 1186 1464 rectas
1211 1427 1291 1464 basi
1317 1428 1524 1476 parallelas.
1540 1430 1639 1466 -—9.
1665 1426 1861 1465 Diameter

537 1487 739 1537 aequilibrii
774 1487 982 1538 figurarum
1014 1488 1272 1525 deficientium
1305 1488 1516 1526 secundum
1546 1489 1711 1526 rationes
1737 1487 1862 1525 altitu-
1893 1505 1901 1512 ·
1935 1538 1936 1541 Ἴ

539 1548 671 1585 diuum
689 1553 727 1585 et
746 1549 893 1586 basium
912 1549 1280 1594 commensurabiles,
1301 1549 1435 1586 dividit
1452 1561 1563 1587 axem
1581 1549 1635 1587 ita
1651 1553 1694 1586 ut
1710 1561 1797 1598 pars
1813 1547 1862 1586 ad
1888 1579 1905 1587 .,
1935 1556 1936 1578 ῑ

540 1610 720 1647 verticem
748 1610 796 1646 sit
822 1609 870 1645 ad
899 1609 1094 1659 reliquam,
1123 1615 1166 1647 ut
1182 1610 1306 1659 figura
1330 1610 1518 1660 completa
1545 1610 1594 1647 ad
1612 1610 1860 1648 deficientem.
1892 1607 1907 1614 '⁴

540 1673 600 1708 10.
630 1670 827 1707 Diameter
844 1671 1046 1720 aequilibrii
1064 1671 1329 1720 complementi
1348 1672 1510 1709 semissis
1529 1671 1729 1722 cujuslibet
1746 1671 1862 1709 dicta-

539 1744 622 1768 rum
639 1731 848 1780 figurarum
860 1731 1127 1776 deficientium,
1147 1731 1282 1768 dividit
1300 1745 1395 1776 eam,
1411 1745 1497 1782 quae
1515 1745 1584 1782 per
1596 1733 1776 1770 verticem
1794 1732 1862 1770 du-

540 1793 638 1830 citur
657 1793 737 1829 basi
761 1792 949 1842 parallela,
979 1793 1032 1829 ita
1057 1798 1099 1829 ut
1125 1805 1212 1841 pars
1243 1793 1291 1830 ad
1319 1794 1501 1831 verticem
1530 1794 1578 1831 sit
1605 1794 1654 1831 ad
1681 1793 1862 1843 reliquam

539 1859 582 1890 ut
595 1853 719 1903 figura
732 1853 920 1902 completa
938 1854 986 1890 ad
1000 1853 1403 1902 complementum—I
1413 1857 1446 1891 1.
1461 1854 1645 1892 Centrum
1664 1853 1862 1904 aequil-ibrii
1894 1881 1899 1887 .

539 1914 701 1950 semissis
715 1914 916 1964 cujuslibet
929 1914 1138 1963 figurarum
1152 1914 1263 1963 primi
1282 1914 1424 1951 ordinis
1442 1916 1480 1951 in
1495 1914 1634 1952 tabella
1651 1919 1720 1952 art.
1733 1917 1768 1960 3,
1781 1926 1862 1964 cap.
1880 1936 1882 1939 ·

540 1986 644 2011 xvn.
675 1975 866 2011 invenitur
884 1987 953 2023 per
976 1986 1154 2011 numeros
1178 1973 1319 2011 ordinis
1347 1974 1576 2011 secundi.——
1592 1977 1653 2012 12.
1681 1974 1862 2013 Centrum

540 2035 740 2084 aequilibrii
774 2036 935 2072 semissis
960 2035 1320 2085 cujuslibet‘figurae
1347 2035 1502 2073 secundi
1530 2036 1672 2073 ordinis
1695 2035 1877 2086 ejusdem¹

538 2095 698 2141 tabellae,
724 2096 914 2133 invenitur
937 2109 1006 2145 per
1033 2108 1209 2133 numeros
1237 2096 1378 2133 ordinis
1402 2097 1540 2146 quarti.
1552 2118 1604 2124 -—
1617 2099 1679 2135 13.
1699 2096 1862 2146 Cognito

540 2161 670 2193 centro
701 2157 902 2206 aequilibrii
934 2156 1096 2194 semissis
1123 2156 1324 2206 cujuslibet
1349 2156 1482 2205 figurae
1509 2157 1658 2194 tabellae
1683 2156 1861 2207 ejusdem,

541 2217 784 2266 cognoscitur
814 2222 852 2254 et
879 2222 1051 2254 centrum
1079 2229 1263 2262 excessus,
1293 2229 1369 2267 quo
1389 2230 1434 2254 ea
1456 2223 1611 2267 superat
1632 2218 1861 2268 triangulum

541 2277 708 2328 ejusdem
727 2278 826 2315 basis
845 2283 883 2315 et
907 2278 1243 2316 altitudinis—14.
1271 2278 1455 2316 Centrum
1482 2279 1682 2329 aequilibrii
1708 2277 1862 2317 sectoris

541 2339 650 2376 solidi
666 2344 721 2376 est
738 2340 777 2375 in
796 2351 877 2385 axe,
896 2340 950 2376 ita
968 2339 1098 2383 diviso,
1115 2343 1156 2375 ut
1173 2351 1259 2388 pars
1278 2351 1300 2376 a
1318 2340 1460 2377 vertice
1478 2340 1526 2377 sit
1539 2340 1588 2377 ad
1605 2344 1727 2378 totum
1741 2351 1860 2385 axem,
1900 2332 1910 2367 '‚

541 2400 695 2449 dempto
713 2400 870 2437 dimidio
888 2401 968 2438 axis
986 2400 1170 2449 portionis
1188 2400 1355 2448 sphaerae,
1375 2404 1418 2437 ut
1436 2403 1459 2439 3
1479 2400 1527 2437 ad
1545 2403 1582 2439 4.

968 2500 1384 2534 DEFINITIONES.

231 2577 440 2652 PAR283111-
496 2577 535 2619 1.
573 2571 747 2618 LIBRA
772 2577 846 2617 est
868 2570 998 2616 linea
1029 2577 1178 2627 recta,
1209 2570 1345 2632 cujus
1380 2569 1594 2617 medium
1625 2576 1859 2632 punctum

230 2668 440 2728 Dfflefinitiones
490 2654 686 2694 tenetur
737 2645 999 2703 immobile,
1046 2653 1222 2692 caetera
1278 2646 1441 2692 omnia
1483 2652 1668 2708 puncta
1710 2644 1860 2692 libera

490 2729 617 2768 sunt.
682 2721 902 2783 Utraque
926 2729 1090 2768 autem
1113 2736 1224 2783 pars
1247 2720 1400 2779 librae,
1426 2728 1619 2784 sumpta
1640 2737 1670 2768 a
1693 2727 1858 2768 centro

489 2797 551 2844 ad
575 2813 840 2859 appensum
865 2796 1070 2858 pondUS‚
1095 2803 1299 2843 vocatur
1323 2796 1516 2843 radius,
