1936 3262
251 401 365 432 PARS
390 403 437 435 ΙΙ.

213 1821 380 1852 Quomodo

214 1864 413 1904 intelligatur

214 1908 361 1938 accidens

212 1950 317 1981 inesse
333 1951 367 1981 in

212 1994 354 2034 subjecto
368 2005 437 2027 suo.

489 263 552 306 92
884 279 1261 313 PHILOSOPHIA
1287 282 1478 316 PRIMA.

487 386 803 446 quaerendum
849 398 982 444 erat;
1040 390 1271 438 nimirum
1316 393 1444 440 unde
1490 393 1679 442 accidit
1734 399 1868 460 quod

486 462 713 525 eorporis
736 481 981 528 unapars
1005 466 1133 523 hine,
1177 467 1344 514 altera
1386 468 1526 515 illine
1566 476 1863 534 appareat?

484 536 559 583 sie
577 538 707 585 enim
721 546 855 586 recte
873 540 1250 603 respondebitur
1259 549 1480 606 propter
1496 544 1824 593 eoetensionem
1841 565 1862 602 ‚-

482 612 561 659 vel
606 614 734 660 unde
781 615 970 662 accidit
1014 616 1149 679 quod
1191 623 1342 664 totum
1389 634 1569 682 eorpus
1616 619 1860 681 continuo,
1915 646 1918 647 ⁷

484 688 622 735 modo
651 689 780 745 hine,
808 690 947 737 modo
972 690 1113 738 illine
1137 693 1442 756 conspicitur
1458 696 1486 740 ,9
1525 701 1575 740 et
1597 694 1860 757 responde·
1884 752 1890 754 ἡ

482 762 632 819 bitur,
659 771 879 828 propter
910 772 1086 813 motum
1101 785 1120 820 ,·
1155 767 1234 814 vel
1258 767 1468 830 denique
1505 768 1634 815 unde
1670 769 1860 818 accidit

483 846 537 886 ut
553 839 680 886 idem
693 841 909 904 spatium
918 848 1137 905 tempore
1150 842 1318 906 aliquo
1334 843 1574 907 occupari
1592 843 1860 892 videatur?

482 921 539 961 ut
562 915 929 978 respondeatur,
954 923 1237 980 propterea
1262 918 1397 981 quod
1427 934 1520 965 non
1552 925 1629 965 est
1666 925 1858 968 motum.
1911 928 1913 931 “

482 989 611 1036 Nam
653 990 694 1037 si
731 991 790 1038 de
829 992 1027 1039 nomine
1070 993 1304 1056 corporis,
1345 993 1397 1040 id
1432 1001 1520 1052 est,
1559 993 1620 1041 de
1660 993 1900 1043 nomine

482 1073 713 1113 concreto
738 1066 1087 1130 interrogatur,
1113 1068 1239 1131 quid
1259 1074 1336 1114 est
1356 1070 1383 1115 ,9
1418 1084 1506 1131 per
1524 1067 1859 1117 definitionem

480 1141 875 1202 respondendum
895 1150 984 1198 est,
1010 1143 1245 1205 quaeritur
1261 1143 1391 1190 enim
1409 1143 1540 1191 vocis
1566 1143 1857 1207 significatio

481 1222 707 1270 tantum3
745 1231 912 1262 verum
937 1217 977 1263 si
1011 1217 1070 1264 de
1105 1218 1304 1265 nomine
1339 1218 1587 1266 abstracto
1612 1227 1860 1281 quaeratur
1935 1224 1936 1227 ’

480 1290 605 1352 quid
644 1296 720 1337 est
740 1293 766 1337 ?
804 1291 1038 1352 quaeritur
1072 1308 1218 1340 causa
1251 1308 1402 1355 quare
1441 1292 1626 1356 aliquid
1663 1293 1758 1341 hoc
1781 1294 1858 1342 vel
1896 1352 1909 1358 ..

478 1365 561 1412 illo
607 1365 753 1412 modo
799 1373 1017 1429 apparet.
1132 1367 1201 1414 Ut
1247 1367 1287 1414 si
1334 1375 1581 1430 quaeratur
1627 1368 1746 1432 quid
1793 1369 1858 1416 sit
1888 1393 1908 1433 :¹

479 1438 671 1496 durum,
707 1440 1084 1502 respondebitur
1109 1442 1282 1489 durum
1322 1448 1398 1489 est
1435 1443 1574 1505 eujus
1592 1458 1727 1506 pars
1759 1459 1853 1491 non

478 1515 613 1561 cedit
649 1515 747 1562 nisi
771 1516 973 1562 cedente
998 1522 1099 1563 toto
1121 1535 1139 1570 ;
1183 1525 1235 1564 at
1267 1517 1307 1564 si
1340 1524 1602 1580 quaeratur,
1645 1517 1876 1566 duritie-s*-²

476 1590 603 1653 quid
617 1590 687 1637 sit
702 1594 729 1638 ,9
766 1590 1083 1638 Ostendenda
1102 1599 1177 1639 est
1192 1608 1351 1650 causa,
1377 1608 1526 1654 quare
1541 1592 1636 1639 nisi
1651 1592 1856 1641 cedente

475 1673 598 1724 toto,
623 1682 736 1728 pars
760 1682 860 1713 non
894 1666 1040 1714 cedit.
1110 1667 1409 1714 Definiemus
1446 1666 1599 1730 igitur
1621 1667 1855 1715 accidens

474 1757 582 1787 esse
607 1741 918 1804 concipiendi
942 1742 1170 1806 eorporis
1190 1742 1392 1789 modum.

541 1823 585 1863 3.
625 1816 771 1865 Quod
828 1824 993 1863 autem
1039 1817 1272 1864 accidens
1329 1816 1381 1864 in
1433 1832 1644 1881 corpore
1692 1817 1917 1865 inesse*

473 1891 681 1950 dicatur,
715 1892 766 1938 id
788 1908 889 1939 non
913 1892 984 1939 ita
1008 1891 1348 1954 accipiendum
1372 1899 1461 1949 est,
1501 1907 1558 1939 ac
1597 1891 1638 1939 si
1669 1891 1854 1955 aliquid

471 1967 523 2014 in
570 1983 775 2030 corpore
822 1974 1113 2014 contentum
1159 1974 1304 2025 esset,
1363 1974 1598 2029 tanquam
1644 1967 1852 2030 exempli

470 2043 632 2105 gratia
667 2042 738 2089 ita
771 2042 922 2089 rubor
944 2042 1128 2089 inesset
1152 2040 1392 2104 sanguini,
1428 2040 1555 2088 sicut
1578 2041 1775 2104 sanguis
1798 2041 1850 2089 in

472 2125 730 2165 cruentata
751 2125 903 2175 veste,
939 2117 991 2164 id
1026 2124 1115 2175 est,
1152 2123 1209 2163 ut
1242 2132 1355 2179 pars
1389 2116 1441 2163 in
1465 2123 1603 2171 toto;
1639 2131 1755 2163 nam
1777 2116 1847 2164 sic
1895 2135 1910 2186 ss·

470 2194 698 2241 accidens
723 2202 851 2240 esset
875 2208 1069 2255 quoque
1104 2207 1314 2254 corpus3
1369 2191 1455 2239 sed
1497 2191 1624 2238 sicut
1660 2191 1848 2254 magni-
1904 2192 1929 2197 ”

469 2269 606 2327 tudo,
630 2268 708 2315 vel
732 2267 884 2330 quies,
913 2267 991 2314 vel
1013 2274 1176 2314 motus
1201 2274 1276 2313 est
1299 2266 1350 2313 in
1374 2282 1432 2313 eo
1457 2265 1588 2328 quod
1609 2281 1844 2329 magnum

470 2352 559 2400 est,
596 2343 728 2406 quod
762 2342 984 2405 quiescit,
1019 2342 1097 2389 vel
1132 2341 1264 2404 quod
1297 2348 1522 2389 movetur
1561 2340 1714 2403 (quod
1748 2357 1845 2404 quo
1907 2361 1912 2373 ²

467 2419 614 2466 modo
638 2416 1010 2480 intelligendum
1034 2424 1108 2463 est
1131 2416 1463 2478 unusquisque
1496 2414 1749 2478 intelligit)
1774 2415 1846 2464 ita

467 2494 616 2541 etiam
658 2508 800 2540 omne
842 2491 974 2539 aliud
1015 2491 1241 2538 accidens
1283 2491 1441 2538 inesse
1487 2490 1708 2553 subjecto
1755 2506 1843 2538 suo

465 2568 674 2631 intelligi
720 2567 879 2614 debet.
971 2566 1030 2613 Id
1082 2566 1213 2628 quod
1258 2565 1406 2613 etiam
1462 2565 1523 2612 ab
1576 2564 1843 2612 Aristotele
1903 2600 1907 2622 ;

465 2644 762 2706 explicatum
798 2649 888 2701 est,
925 2657 1025 2688 non
1065 2641 1221 2699 aliter,
1248 2657 1392 2703 quam
1424 2639 1667 2703 negative,
1704 2640 1840 2687 vide-

465 2719 585 2766 lieet
608 2718 840 2766 accidens
868 2717 1029 2763 inesse
1063 2715 1281 2778 subjecto
1313 2732 1405 2762 non
1437 2722 1670 2779 tanquam
1689 2731 1838 2778 pare,

466 2795 535 2841 sic
560 2801 740 2851 tamen,
764 2799 819 2840 ut
842 2792 949 2838 sine
983 2791 1193 2852 subjecti
1228 2790 1432 2836 interitu
1457 2789 1630 2836 abesse
1652 2789 1838 2852 possit.
1891 2819 1914 2851 χ

464 2869 529 2916 Et
565 2876 698 2916 recte
735 2866 947 2930 quidem,
995 2865 1088 2912 nisi
1131 2864 1262 2926 quod
1302 2864 1525 2926 quaedam
1565 2862 1839 2911 accidentia
