1936 3262
522 264 635 292 vrrAE
658 263 904 292 HOBBIANAE
926 264 1209 293 Auc'rAan.
1494 251 1600 293 xxiii

138 375 224 434 qui,
244 374 361 433 quod
379 375 424 417 in
444 389 576 432 puero
595 374 784 417 docilitas
806 384 936 427 tanta,
972 384 1132 433 quanta
1152 375 1195 417 in
1219 374 1337 417 nullo
1357 375 1439 418 alio
1460 386 1599 418 osten-

134 466 318 518 deretur,
351 475 395 509 et
413 465 536 509 simul
568 466 674 508 acris
707 466 838 508 animi
867 476 910 508 et
943 467 1181 523 praestantis
1222 467 1383 524 ingenii
1419 466 1598 509 illustria

135 559 256 618 signa
285 558 503 616 perspicue
533 567 819 607 cernerentur,
854 557 975 600 illum
995 558 1208 614 praecipue
1230 557 1274 599 in
1295 558 1391 599 sinu
1412 557 1528 608 fovit,
1554 568 1596 600 et

133 665 261 708 supra
279 649 461 708 aequales
482 649 674 692 excolere
693 658 736 691 et
756 648 930 691 incitare
952 648 1096 691 solitus
1118 658 1193 692 est.
1255 648 1418 691 Tantos
1438 658 1595 699 autem,

127 741 219 799 Jam
237 740 383 784 adhuc·
396 741 440 783 in
459 740 561 783 ludo
584 740 770 782 literario
790 739 962 797 degens,
996 739 1042 780 in
1066 738 1285 782 literatura
1316 749 1403 782 tam
1442 740 1598 783 Latina

133 847 261 891 quam
297 832 450 876 Graeca
483 846 726 889 progressus
760 830 870 881 fecit,
910 840 958 873 ut
991 830 1207 887 Euripidis
1236 833 1440 875 Medeam
1472 831 1598 873 simili

133 934 269 967 metro
290 923 454 967 Latinis
473 923 662 966 versibus
681 922 897 980 eleganter
917 923 1184 979 expresserit.

191 1015 467 1066 Ann01603,
500 1014 557 1058 ad
590 1014 908 1072 percipiendum
940 1014 1179 1057 uberiorem
1216 1014 1375 1071 ingenii
1411 1014 1589 1065 cultum,

135 1107 353 1152 Oxonium
387 1107 536 1150 missus
569 1116 645 1158 est,
686 1107 730 1148 in
763 1106 904 1149 aulam
943 1106 1089 1149 Beatae
1121 1105 1276 1148 Mariae
1310 1105 1595 1163 Magdalenae,

132 1199 211 1243 sub
234 1197 440 1245 Praefecto
460 1206 563 1240 tune
583 1197 782 1254 temporis
803 1196 962 1240 Jacobo
986 1197 1165 1248 Hussee,
1197 1197 1366 1254 Legum
1395 1196 1596 1246 Doctore‚

132 1300 278 1348 postea
295 1290 438 1349 equite
456 1300 617 1341 aurato,
651 1299 696 1332 et
729 1289 991 1333 Cancellario
1029 1288 1347 1339 Sarisburiensi‚
1384 1288 1596 1330 bonorum

131 1381 402 1440 ingeniorum
434 1380 598 1423 fautore
628 1395 805 1423 summo.
869 1379 982 1421 Eum
1002 1379 1062 1422 ibi
1084 1388 1321 1421 morantem
1349 1378 1384 1420 F
1385 1378 1598 1421 ranciscus

136 1472 347 1524 Hobbius,
368 1471 613 1522 avunculus,
638 1470 957 1515 Malmesburiae
979 1469 1276 1520 Aldermanus‚
1299 1469 1392 1526 (qui
1408 1485 1598 1512 summus

133 1573 197 1607 est
227 1563 318 1621 ejus
350 1563 432 1606 loci
462 1562 748 1621 magistratus)
787 1561 871 1604 suis
900 1561 1100 1617 impensis
1134 1560 1252 1611 aluit,
1282 1561 1356 1618 qui
1376 1570 1431 1612 et,
1454 1570 1599 1618 postea

133 1655 330 1706 moriens,
379 1652 593 1696 modicum
632 1651 692 1694 illi
731 1651 913 1693 fundum
953 1661 1204 1694 testamento
1245 1651 1413 1709 legavit.
1497 1652 1599 1694 Post

133 1744 462 1804 quadriennium
481 1754 637 1795 autem,
659 1744 813 1786 usitato
840 1743 1116 1801 philosophiae
1149 1759 1274 1786 cursu
1300 1744 1391 1801 jam
1413 1759 1597 1795 emenso,

133 1836 270 1895 gradu
288 1836 540 1888 academico,
558 1851 686 1894 quem
703 1835 1076 1879 Baecalaureatum
1094 1835 1321 1893 appellant,
1337 1845 1510 1878 ornatus
1523 1845 1598 1878 est.

124 1944 126 1947 ⁴
195 1931 318 1972 1608.
351 1928 522 1971 Interea
553 1927 792 1971 Gulielmus
831 1927 1084 1979 Cavendish‚
1122 1927 1235 1970 Baro
1264 1927 1318 1969 de
1352 1927 1597 1978 Hardwick‚

133 2035 183 2064 ac
207 2022 312 2077 (non
333 2019 468 2063 multo
487 2019 599 2077 post)
636 2019 843 2062 Devoniae
872 2020 1038 2071 Comes,
1067 2019 1252 2077 aliquem
1282 2019 1356 2077 qui
1388 2018 1465 2061 filii
1496 2029 1601 2061 natu

133 2111 311 2156 maximi
341 2111 482 2156 studia
499 2122 543 2155 et
564 2126 700 2154 mores
732 2122 910 2169 regeret,
947 2111 1174 2169 diligenter
1208 2111 1484 2169 conquisivit;
1516 2126 1601 2169 qua

134 2205 182 2248 in
201 2219 249 2248 re
268 2205 406 2248 virum
435 2204 558 2248 annis
589 2219 699 2261 pene
729 2203 950 2261 aequalem,
985 2203 1176 2260 adeoque
1195 2203 1251 2245 ob
1271 2218 1438 2245 morum
1458 2202 1602 2245 simili-

134 2295 328 2338 tudinem
355 2296 584 2354 gratiorem
615 2295 819 2346 futurum,
843 2310 972 2353 quam
991 2303 1118 2336 aetate
1139 2304 1183 2336 et
1203 2294 1391 2336 moribus
1410 2308 1596 2350 gravem,

133 2389 397 2446 proeoptavit.
458 2389 658 2432 Hobbius
692 2389 836 2446 itaque
866 2389 958 2446 jam
986 2387 1187 2437 vicennis,
1223 2386 1355 2429 literis
1387 2400 1602 2428 commen-

63 2537 66 2540 *
134 2479 299 2524 daticiis
328 2480 394 2524 Jo.
418 2480 683 2532 Wilkinsoni,
718 2479 844 2522 Aulae
877 2479 928 2522 B.
952 2479 1227 2537 Magdalenae
1253 2488 1363 2520 tune
1396 2477 1600 2535 praesidis,

133 2571 320 2629 adjutus,
365 2571 466 2616 huic
497 2572 664 2615 muneri
699 2571 898 2614 obeundo
932 2571 976 2613 in
1008 2570 1215 2615 illustrem
1250 2569 1365 2612 illam
1398 2569 1601 2612 familiam

134 2663 318 2707 adscitus
337 2673 412 2707 est.
474 2664 540 2708 Eo
560 2665 641 2708 loci
661 2664 908 2707 nobilissimi
939 2663 1108 2720 juvenis
1138 2660 1249 2704 latus
1280 2662 1447 2704 assiduo
1478 2662 1598 2712 texit,

134 2764 266 2814 atque
303 2755 466 2799 artibus
505 2765 624 2799 tanto
666 2771 823 2813 genere
861 2755 1015 2812 dignis,
1060 2754 1298 2812 quibusque
1337 2753 1509 2811 ingenia
1545 2753 1601 2796 ad

134 2862 304 2906 magnae
338 2847 523 2890 fortunae
558 2846 719 2890 cultum
754 2846 1006 2897 excitantur,
1043 2845 1251 2898 instituit3
1282 2860 1360 2887 nec
1390 2844 1526 2887 solum
1555 2844 1599 2885 in

136 2939 285 2985 studiis
305 2939 583 2997 gravior-ihm,
597 2939 671 2982 sed
691 2939 819 2982 etiam
839 2939 882 2981 in
897 2938 1133 2989 venatione,
1147 2937 1340 2994 aucupio,
1355 2936 1601 2994 caeterisque
