1936 3262
642 298 744 326 vrrA
764 298 869 327 ΤΗΟ.
894 298 1079 327 HOBBES.

250 408 474 453 Laudabat
492 407 639 451 mediis
659 409 703 451 in
726 408 970 467 Erynnibus
990 409 1159 467 Anglia,
1182 419 1224 451 et
1244 409 1304 451 illi

305 500 499 550 Quorum
519 499 700 543 consiliis
720 502 912 559 cognitus
933 501 1061 544 hostis
1081 515 1196 543 eram

248 594 336 636 Sed
353 594 465 650 quod
482 595 664 635 consiliis
675 596 957 649 prementibus
976 596 1085 637 utile
1102 609 1188 637 non
1203 601 1279 643 est,

306 687 586 730 Quantumvis
593 685 775 740 justum,
798 689 891 742 quis
904 692 1037 742 putat
1056 700 1142 728 esse
1160 687 1313 729 bonum
1332 687 1354 729 ‚P

247 773 354 816 Inde
372 773 493 816 annis
513 783 694 831 quatuor
712 773 811 817 libri
826 779 897 819 De
921 778 1104 833 Corpore
1123 775 1316 827 formam,

303 864 401 914 Qua
419 864 473 907 sit
492 863 751 917 scribendus,
773 875 897 908 nocte
916 865 1070 924 dieque
1084 876 1200 923 puto.

246 957 456 1015 Compare
475 971 695 1015 corporeas
715 958 868 1010 moles3
899 967 942 1000 et
961 957 1100 1015 cogito
1119 973 1262 1001 rerum

300 1049 498 1093 Visarum
518 1049 672 1092 formas
693 1050 797 1108 quid
816 1050 978 1093 variare
996 1059 1145 1108 potest.

244 1141 404 1191 Quaero
424 1141 578 1198 quibus
598 1141 751 1198 possim
773 1140 946 1183 rationis
967 1140 1122 1183 Protea
1145 1140 1292 1183 vinclis

301 1232 532 1290 Stringere,
554 1231 763 1275 fassurum
782 1247 867 1290 qua
887 1232 992 1290 tegit
1010 1241 1101 1275 arte
1120 1232 1250 1276 dolos.

243 1323 396 1367 Adfuit
414 1338 439 1366 e
460 1322 655 1366 Minimis
678 1322 948 1374 Mersennus‚
970 1323 1081 1366 fidus
1100 1323 1286 1376 amicus;

298 1415 378 1458 Vir
396 1415 557 1467 doctus,
574 1415 751 1472 sapiens,
774 1414 1012 1473 eximieque
1030 1416 1181 1458 bonus.

241 1507 376 1564 Cujus
396 1505 502 1549 cella
521 1506 671 1549 scholis
690 1515 782 1549 erat
800 1507 997 1549 omnibus
1017 1507 1315 1559 anteferenda3

295 1597 583 1642 Professorum
601 1612 747 1640 omnes
761 1598 993 1641 ambitione
1013 1608 1189 1643 tument.

239 1688 307 1732 Illi
326 1688 535 1746 portabat,
564 1689 599 1731 si
617 1688 797 1746 dignum
817 1688 924 1731 forte
943 1689 1127 1747 porisma

295 1779 557 1838 Reppererat
576 1781 812 1838 quisquam,
836 1781 1142 1838 principiumve
1162 1797 1331 1824 novum.

244 1873 464 1931 Perspicuo
483 1883 527 1916 et
547 1874 716 1931 proprio
736 1889 942 1926 sermone,
963 1884 1132 1917 carente
1147 1875 1294 1933 figuris

294 1965 543 2017 Rhetoricis,
561 1965 739 2023 gnomis,
761 1966 1003 2018 ambitione,
1025 1966 1135 2018 dolo,

236 2056 315 2099 Ille
333 2056 451 2099 dedit
469 2056 616 2109 doctis,
637 2057 712 2115 qui
731 2056 899 2108 veilent,
917 2072 1061 2100 rursus
1081 2067 1129 2100 ut
1148 2057 1254 2100 illud

294 2147 376 2191 Vel
395 2148 536 2191 statim
556 2158 739 2206 possent,
761 2149 827 2191 vel
849 2150 1055 2192 trutinare
1075 2149 1202 2192 domi.

235 2239 383 2283 Edidit
402 2255 427 2283 e
445 2239 673 2297 multisque
692 2240 873 2283 inventis
893 2241 1052 2298 optima
1071 2257 1273 2299 quaeque3

294 2331 475 2390 Signans
489 2331 677 2374 authoris
697 2332 870 2374 nomine
890 2332 1077 2390 quidque
1097 2333 1175 2376 sui.

235 2419 359 2466 OErca
380 2421 660 2465 Mersennum
680 2424 1004 2466 convertebatur
1025 2433 1072 2466 ut
1090 2439 1214 2466 axem

293 2514 642 2573 Unumquodque
660 2515 762 2557 artis
782 2515 896 2558 sidus
917 2516 961 2557 in
981 2516 1084 2558 orbe
1104 2531 1190 2558 suo.

236 2605 438 2649 Saevierat
453 2607 613 2650 bellum
633 2617 815 2665 quatuor
834 2608 954 2651 civile
973 2624 1049 2666 per
1068 2623 1213 2659 annos,

291 2698 466 2755 Anglos,
491 2698 704 2743 Hibernos
725 2701 898 2744 triverat
917 2711 1046 2759 atque
1070 2701 1228 2743 Scotos.

236 2788 488 2847 Perfidaque
507 2791 550 2833 in
570 2792 715 2834 castris
735 2793 888 2835 mansit
911 2793 1100 2835 Fortuna
1119 2791 1322 2835 scelestis:

290 2880 511 2940 Diffugere
531 2882 598 2926 via
619 2898 702 2941 qua
722 2893 896 2941 potuere
915 2885 1051 2942 probi.

1520 286 1586 328 xci
