1936 3262
548 294 660 324 vrrAE
683 294 928 324 uoBmANAE
950 293 1230 323 Auc'rAan.
1544 282 1603 325 lii1

153 431 156 433 Δ
204 411 240 435 “²
251 408 429 458 Quarto,
460 407 618 464 pariter
637 407 821 449 ostendit
840 408 999 450 librum
1020 421 1144 449 suum
1166 408 1410 449 Leviathan'
1431 410 1611 464 public-o*

62 495 93 545 (ᾗ,
145 503 304 545 damno
336 516 422 544 non
445 502 589 556 fuisse
619 507 781 550 notum,
818 514 895 541 nec
933 501 1329 542 monstrosis-simum
1364 514 1464 550 esse,
1503 499 1603 557 quia

145 590 283 635 editor
311 607 389 635 nec
421 592 715 635 doctrinarum
743 592 891 646 judea:
923 593 1110 640 idoneus,
1153 597 1231 633 aut
1264 594 1423 646 insiyni
1456 594 1605 648 aliqua

144 686 383 728 eruditsone
397 685 512 726 domi
526 689 604 726 aut
611 683 730 738 foris
749 689 884 725 notus.
946 680 1066 724 Belle
1081 681 1253 739 quidem
1269 681 1359 723 haec
1375 681 1602 724 cohaerent.

146 772 349 817 Historiae
376 772 514 815 editor
544 771 764 815 Hobbesio
794 771 988 814 indoctus
1017 771 1210 822 videtur3
1241 771 1419 828 proinde
1453 774 1602 816 Levia—

144 866 255 909 stan-
270 878 348 906 nec
373 865 543 921 publico
562 866 718 907 damno
737 872 799 906 est
819 873 956 915 notus,
978 878 1056 906 nec
1076 872 1140 906 est
1158 867 1545 907 monstrosissimus.

69 932 74 934 —
194 959 222 982 ‘⁶
231 954 408 1006 Quinto,
423 954 615 1012 queritur
633 954 875 997 Hobbesius
887 971 951 1005 ea,
966 971 1056 1013 quae
1070 957 1227 998 author
1240 957 1292 998 de
1304 956 1487 998 moribus
1497 956 1601 1011 ejus,

143 1049 209 1092 de
217 1049 352 1105 fama
381 1049 503 1104 apud
526 1054 704 1099 exteros,
734 1050 809 1092 &c.
831 1048 1063 1105 scripserat,
1086 1050 1282 1091 delevisse
1304 1049 1449 1090 omnia
1469 1049 1600 1090 edito-

142 1134 244 1183 rem.
304 1138 388 1180 Aio
407 1137 500 1182 haec
519 1138 663 1182 omnia
684 1138 758 1180 Dm
776 1138 815 1181 J.
842 1139 894 1182 A.
901 1171 913 1190 ‚
934 1148 1008 1181 aut
1027 1138 1135 1181 forte
1157 1138 1424 1181 Hobbesium
1446 1137 1599 1194 ipsum,

61 1204 63 1211 v
142 1242 220 1287 pro
258 1229 428 1281 eximia,
469 1244 554 1286 qua
591 1228 734 1286 pollet,
775 1228 993 1280 modestia,
1035 1229 1256 1286 scripsisse,
1298 1244 1394 1287 quae
1433 1227 1601 1271 authori

141 1335 312 1378 prorsus
332 1320 604 1378 incomperta,
625 1319 827 1378 pleraque
845 1335 945 1364 vero
965 1321 1139 1364 omnino
1159 1320 1262 1363 falsa
1280 1320 1406 1363 fuisse
1427 1329 1601 1362 noverat

98 1446 102 1447 ν
143 1411 306 1464 editor3
337 1411 411 1470 qui
429 1412 559 1455 etiam
578 1411 662 1463 illa,
686 1427 783 1470 quae
798 1412 853 1454 ad
872 1421 1011 1469 partes
1033 1411 1375 1456 Cromwellianas
1402 1411 1601 1454 fovendas

51 1492 78 1539 4ζ
141 1502 278 1562 egerit
324 1502 579 1554 Hobbesius,
620 1511 669 1545 ut
706 1512 750 1545 et
787 1502 869 1545 alia
908 1484 997 1559 ejus
1035 1502 1196 1560 flagitia
1234 1501 1399 1545 silentio
1438 1503 1600 1560 pressit.

142 1593 308 1639 Iterum
327 1609 429 1653 ergo
447 1594 655 1638 subducat
674 1593 856 1638 rationes
885 1608 980 1636 suas
1009 1593 1072 1635 vir
1100 1594 1250 1645 bonus,
1281 1603 1324 1636 et
1353 1594 1600 1646 consideret,

72 1679 74 1683 ’
141 1697 197 1729 an
217 1700 304 1728 non
322 1700 400 1743 pro
420 1685 617 1728 conviciis
635 1684 785 1742 gratiae
806 1684 957 1727 editori
977 1684 1226 1727 debeantur.

201 1776 407 1820 “Ultimo
422 1777 468 1819 in
487 1776 580 1820 loco
591 1776 721 1820 bilem
744 1776 963 1819 Hobbesio
979 1785 1132 1827 movet,
1154 1776 1269 1834 quod
1288 1776 1426 1819 editor
1434 1784 1600 1834 praeter

141 1859 395 1913 sementiam
448 1871 644 1913 authoris
682 1872 734 1913 de
771 1871 965 1925 operibus
1007 1871 1273 1924 ,qeometricis
1302 1871 1483 1912 ‘addidit
1521 1876 1600 1913 aut

142 1961 323 2008 delevit,-
354 1975 452 2004 cum
470 1963 546 2018 qui
563 1962 770 2004 hominem
791 1963 947 2010 norint,
968 1974 1053 2002 non
1072 1975 1099 2002 a
1113 1975 1192 2002 sua
1208 1963 1341 2015 ipsius
1354 1962 1603 2015 coquitione,

63 2048 90 2074 ³³
141 2054 216 2095 sed
225 2052 328 2106 fide
345 2053 492 2094 aliena
510 2053 696 2094 locutum
715 2066 800 2094 esse
819 2053 959 2093 sciunt
969 2069 985 2098 ;
1017 2057 1060 2093 et
1079 2053 1154 2107 qui
1172 2065 1256 2093 non
1275 2054 1431 2101 norint,
1450 2065 1601 2094 nomen

142 2143 235 2200 qius
246 2145 364 2186 »ἰηίεν
381 2145 703 2186 mathematicos
717 2145 872 2186 aliosve
889 2144 1075 2185 eruditos
1092 2157 1310 2199 nunquam
1330 2144 1598 2185 audiverunt.

66 2238 79 2254 ’·’
144 2229 232 2274 Sed
251 2230 356 2290 quid
373 2230 607 2275 lucrabitur
630 2232 884 2282 Hobbesius,
918 2232 953 2274 si
971 2232 1060 2288 ejus
1087 2236 1339 2287 παροράματα
1370 2231 1476 2274 adeo
1515 2231 1598 2273 sint

141 2321 354 2374 immania,
372 2332 421 2366 ut
434 2323 501 2366 vel
515 2339 541 2366 a
553 2323 798 2382 Tyronibus
813 2323 1070 2381 deprehendi
1086 2323 1245 2380 possint
1261 2338 1270 2364 :
1301 2331 1599 2380 agnoscentem

71 2447 83 2462 ι,
143 2412 333 2470 superius
361 2413 610 2466 audivimus,
642 2414 831 2472 egregias
861 2429 954 2457 suas
984 2413 1357 2456 demonstrationes
1388 2422 1475 2456 tam
1498 2428 1598 2456 con-

68 2519 92 2535 ²
143 2503 299 2561 spicuae
317 2519 406 2548 esse
424 2505 660 2557 evidentiae,
682 2513 731 2550 ut
760 2508 965 2557 omnibu&
986 2508 1059 2564 qui
1080 2509 1132 2550 de
1151 2510 1298 2551 iisdem
1319 2509 1440 2550 rebus
1458 2522 1598 2549 secum

1 2616 4 2620 ’
70 2590 87 2643 ἦ
143 2597 314 2654 aliquid
331 2598 572 2651 ediderunt,
589 2597 669 2640 hoc
693 2607 756 2640 est
770 2599 997 2656 geometris
1017 2599 1232 2649 universis,
1255 2599 1438 2641 insanire
1458 2598 1598 2640 videa-

145 2695 227 2730 tur.
289 2686 375 2730 Sed
404 2687 459 2730 ab
493 2687 677 2740 homine,
710 2689 784 2746 qui
818 2688 1209 2732 reverendissimum
1245 2688 1598 2731 Sarisburiensem

146 2777 416 2836 Episcopum,
440 2777 608 2823 Clariss.
640 2779 872 2823 Wallisium
892 2779 1173 2822 Professorem
1190 2779 1460 2831 Savilianum‚
1478 2780 1599 2823 alios-

60 2866 84 2926 ‘34
145 2883 233 2928 que·
267 2869 567 2913 eruditissimos
607 2871 717 2914 viros
756 2887 832 2928 pro
872 2871 1165 2915 indoctissimis
1205 2872 1412 2923 habuerit,
1453 2881 1600 2914 contu-

145 2959 272 3004 melia
285 2961 499 3019 conjungi,
522 2961 566 3003 in
586 2962 769 3020 elogium
791 2962 933 3006 cedet:
955 2963 1102 3006 sobriis
1123 2978 1264 3006 rerum
1280 2963 1602 3006 aestimatoribus
