1910 3256
233 350 345 382 PARS
363 351 422 384 IV.

299 396 350 426 25.

194 487 361 528 Voluptas,
378 488 431 518 do-

194 530 253 568 lor,
271 532 439 572 appetitus,

193 573 279 614 fuga,
297 574 372 615 quid
386 574 458 605 sint.

1833 0 1903 174 1

479 344 565 391 Sin
590 360 620 392 a
641 352 780 393 motu
802 363 890 409 per
913 347 1187 394 sensionem
1210 348 1372 396 vitalis
1395 356 1557 397 motus
1585 350 1864 414 adjuvetur,2

478 418 800 482 disponentur
822 430 984 485 partes
1009 423 1181 486 organi
1201 423 1264 471 ad
1288 425 1487 487 spiritus
1511 425 1583 472 ita
1601 427 1855 489 regendos,

477 501 533 542 ut
566 495 608 543 is
644 504 806 545 motus
849 506 1087 560 quantum
1121 498 1228 545 fieri
1262 508 1429 562 potest
1468 516 1730 548 nervorum
1764 518 1856 566 ope

477 579 797 619 conservetur
821 580 872 620 et
901 573 1216 636 adaugeatur.
1286 575 1450 638 Atque
1481 576 1563 623 hic
1587 575 1782 639 quidem
1803 578 1855 627 in

475 654 614 694 motu
659 648 857 695 animali
899 657 975 696 est
1019 656 1225 697 conatus
1265 650 1469 713 primus,
1511 650 1854 715 inveniturque

476 722 623 770 etiam
661 723 712 770 in
737 725 1017 787 embryone,
1043 725 1126 787 qui
1158 724 1446 785 molestiam,
1472 725 1733 789 siquando
1765 719 1864 786 est,

474 796 668 860 fugiens
694 799 771 846 vel
802 799 996 862 placida
1019 806 1252 862 sequutus
1276 799 1328 847 in
1354 807 1497 848 utero
1516 801 1689 849 matris
1723 809 1856 850 artus

476 889 586 920 suos
613 882 751 921 motu
776 883 942 922 movet
965 874 1259 922 voluntario.
1331 874 1546 923 Conatus
1570 883 1734 924 autem
1765 875 1855 924 iste

474 948 676 1010 primus,
716 956 954 1012 quatenus
991 950 1055 997 ad
1092 949 1285 1012 placida
1322 950 1616 1012 experiendo
1659 951 1857 1014 cognita

476 1023 717 1086 dirigitur,
734 1025 995 1087 appetitus,
1017 1024 1069 1072 id
1083 1032 1171 1083 est,
1197 1024 1366 1083 aditio,
1385 1033 1627 1088 quatenus
1649 1025 1856 1076 molesta

475 1099 739 1155 evitantur,
764 1099 954 1147 aversio
980 1106 1029 1147 et
1050 1099 1169 1162 fuga
1193 1099 1387 1147 dicitur.

542 1173 691 1222 Initio
711 1181 874 1222 autem
899 1182 949 1222 et
963 1175 1093 1222 illico
1113 1191 1170 1222 ac
1194 1181 1464 1223 nascuntur
1485 1175 1635 1224 foetus
1651 1175 1854 1239 parvuli,

473 1264 632 1310 pauca
673 1257 928 1312 appetunt,
970 1266 1128 1312 pauca
1171 1250 1369 1313 fugiunt
1408 1250 1633 1299 destituti
1668 1251 1856 1315 experi-

476 1323 610 1370 entia
655 1331 706 1371 et
751 1324 1016 1379 memoria3
1071 1332 1120 1373 et
1161 1332 1424 1387 propterea
1464 1333 1655 1373 tantam
1694 1333 1856 1375 motus

476 1398 698 1446 animalis
729 1399 1018 1447 varietatem
1049 1415 1149 1447 non
1173 1399 1357 1447 habent
1381 1408 1614 1462 quantam
1635 1401 1856 1450 videmus
1890 1393 1892 1395 ¹

477 1489 582 1521 esse
612 1474 664 1521 in
699 1474 891 1521 adultis.
962 1474 1089 1521 Nam
1114 1474 1306 1537 objecta
1329 1491 1391 1522 an
1414 1476 1657 1538 placitura
1683 1492 1747 1524 an
1768 1467 1856 1525 noss-

477 1548 636 1596 citura
660 1548 774 1606 sint,
800 1548 904 1595 sine
927 1549 1192 1596 multarum
1217 1565 1379 1597 rerum
1403 1551 1684 1613 cognitione
1710 1550 1858 1600 sensi-

475 1623 593 1681 tiva,
619 1623 671 1670 id
694 1631 784 1681 est,
820 1624 922 1671 sine
947 1624 1249 1686 experientia
1272 1633 1322 1672 et
1352 1626 1589 1673 memoria
1612 1626 1725 1674 sciri
1758 1642 1856 1675 non

475 1705 665 1761 potest3
703 1699 1013 1761 conjectandi
1038 1707 1202 1747 tamen
1227 1716 1287 1747 ex
1311 1708 1513 1763 aspectu
1536 1717 1700 1749 rerum
1721 1702 1856 1750 locus

477 1780 550 1821 est
586 1773 776 1836 aliquis,
819 1781 869 1822 et
907 1774 1113 1837 proinde
1154 1790 1262 1837 quae
1303 1776 1434 1823 bona
1471 1792 1533 1823 an
1574 1777 1702 1825 mala
1740 1776 1856 1840 ipsis

474 1848 640 1896 futura
679 1849 778 1896 sint
813 1849 1055 1907 nesciunt,
1079 1850 1143 1898 ad
1175 1866 1232 1897 ea
1255 1857 1417 1898 tamen
1443 1852 1682 1900 accedunt
1713 1859 1763 1900 et
1795 1852 1856 1900 ab

474 1924 649 1971 iisdem
671 1924 909 1972 recedunt
941 1925 1234 1973 dubitantes.
1304 1927 1479 1974 Postea
1513 1943 1630 1975 vero
1667 1935 1773 1976 tum
1805 1928 1856 1976 in

475 1998 535 2045 iis
567 2015 675 2061 quae
709 1999 983 2062 appetenda
1018 2007 1067 2047 et
1104 2000 1337 2064 fugienda
1373 2009 1502 2060 sunt,
1540 2009 1646 2050 turn
1678 2003 1729 2051 in
1765 2015 1855 2052 usu

475 2090 738 2121 nervorum
777 2081 1163 2137 caeterorumque
1201 2091 1497 2138 organorum
1533 2077 1596 2124 ad
1626 2077 1860 2141 fugienda,

476 2148 639 2212 aliqua
687 2156 735 2196 et
781 2149 1007 2197 adeunda
1046 2150 1156 2208 alia,
1198 2150 1434 2213 paulatim
1473 2153 1688 2215 prompti
1731 2153 1855 2200 fiunt

476 2224 815 2272 assuescendo.
906 2225 1031 2272 Sunt
1077 2241 1193 2288 ergo
1231 2226 1475 2288 appetitus
1512 2235 1562 2275 et
1600 2227 1718 2291 fuga
1755 2228 1854 2276 sive

475 2299 625 2345 animi
650 2299 837 2347 aversio
861 2307 1023 2347 motus
1047 2301 1267 2348 animalis
1292 2309 1495 2350 conatus
1518 2302 1677 2365 primi.

543 2374 787 2422 Conatum
810 2382 974 2422 autem
993 2375 1205 2438 primum
1229 2376 1448 2438 sequitur
1472 2377 1730 2440 spirituum
1751 2378 1852 2426 ani-

473 2449 689 2508 malium,
726 2466 934 2512 quorum
958 2451 1155 2514 aliquod
1178 2467 1373 2499 necesse
1397 2460 1470 2500 est
1494 2468 1597 2501 esse
1619 2469 1770 2516 prope
1791 2452 1854 2501 ad

474 2539 737 2571 nervorum
774 2525 1013 2588 originem
1058 2527 1420 2588 receptaculum
1458 2528 1558 2575 sive
1590 2528 1768 2588 locum,
1801 2528 1851 2576 in

475 2614 651 2646 nervos
669 2600 894 2663 impulsio
920 2608 969 2648 et
987 2617 1178 2648 rursum
1201 2603 1431 2650 retractio
1453 2623 1465 2658 ;
1502 2619 1646 2665 quem
1667 2611 1852 2651 motum

475 2673 575 2720 sive
610 2681 841 2722 conatum
877 2676 1098 2738 sequitur
1137 2677 1410 2725 necessario
1441 2678 1771 2741 turgescentia
1803 2683 1850 2725 et

476 2748 711 2796 relaxatio
735 2750 1094 2805 musculorum;
1132 2767 1251 2812 quas
1283 2752 1493 2814 denique
1516 2760 1709 2800 artuum
1740 2769 1852 2800 con·

477 2823 655 2871 tractio
680 2825 899 2887 sequitur
919 2833 968 2873 ct
992 2826 1227 2885 extensio,
1245 2827 1328 2890 qui
1349 2835 1422 2875 est
1436 2836 1599 2877 motus
1617 2827 1846 2876 animalis.

481 226 574 268 332
1046 237 1300 271 PHYsmA.
