1936 3262
458 254 547 296 168
847 267 1220 300 PHILOSOPHIA
1247 268 1437 301 PRIMA.

228 376 344 450 ΡΑΙῙῑξ
359 375 408 407 11·
452 375 503 422 in
528 391 624 438 quo
647 385 894 439 ponantur
922 378 1161 440 quotlibet
1185 380 1427 427 subtensae
1450 378 1674 441 aequales,
1707 378 1748 426 B
1767 379 1821 438 C,

229 467 417 489 *Ὗ*
454 449 494 497 C
512 450 571 509 D,
597 450 641 498 D
657 452 712 510 Ε,
738 452 1076 515 ducanturque
1100 470 1130 501 a
1152 454 1362 501 termino
1390 454 1429 500 B
1455 453 1700 500 subtensae
1723 453 1764 500 B
1781 453 1820 501 C

174 503 270 536 Quali
283 509 378 535 rectae

172 547 264 578 ΗΜ,
279 547 432 578 fractione
450 525 513 572 ad
530 526 764 574 terminos
785 527 1126 574 subtensarum
1146 528 1184 574 C
1200 528 1260 586 D,
1283 528 1376 575 DE
1394 527 1692 575 rectaelineae
1706 525 1822 586 BD,
1915 560 1918 562 v

171 590 409 665 ἓζῐζῑξξῐᾞῐζξξ·
453 600 556 658 ΒΕ,
583 617 707 663 quae,
727 601 854 648 sicut
873 609 923 649 et
946 602 1052 664 ipsa
1084 602 1186 660 BC,
1201 603 1455 665 productae
1487 609 1738 665 utcunque
1773 601 1825 649 in

387 733 390 736 ἢ
453 675 509 733 G,
531 676 598 734 Η,
620 676 659 734 Ι,
701 676 885 723 faciant
908 677 1112 740 angulos
1147 693 1258 724 cum
1291 677 1535 724 subtensis
1560 675 1824 724 succeden-

453 750 599 809 tibus,
624 766 799 813 nempe
823 751 1027 814 angulos
1050 751 1092 798 G
1110 751 1149 798 C
1164 752 1224 810 D,
1243 752 1290 798 H
1316 752 1360 799 D
1375 752 1431 799 E.
1502 751 1664 799 Ducta
1674 750 1825 798 etiam

455 825 519 872 sit
554 825 844 888 contingens
880 827 925 873 K
947 827 1002 884 Β,
1038 826 1222 874 faciens
1258 843 1369 875 cum
1402 827 1561 890 prima
1595 826 1828 874 subtensa

454 900 686 962 angulum
720 901 764 947 K
791 901 830 947 B
856 901 909 947 C.
987 901 1110 948 Dico
1148 901 1380 964 angulum
1415 902 1457 949 G
1477 901 1517 948 C
1540 901 1584 948 D
1626 900 1830 964 duplum
1881 930 1890 956 5

457 990 562 1022 esse
602 975 768 1038 anguli
807 976 852 1022 K
878 976 917 1022 B
943 976 997 1034 C,
1032 985 1082 1023 et
1118 976 1356 1039 angulum
1389 977 1437 1023 H
1469 976 1514 1024 D
1545 977 1585 1023 E
1610 974 1829 1039 eJ‘usdem

457 1049 503 1095 K
525 1049 564 1096 B
590 1049 628 1096 C
651 1050 865 1112 triplum.
937 1051 1064 1097 Nam
1089 1051 1130 1098 51
1156 1051 1366 1099 ducatur
1390 1052 1435 1098 A
1450 1051 1504 1109 C,
1530 1065 1700 1098 secans
1724 1049 1765 1097 Β
1783 1049 1828 1097 D

456 1124 507 1170 in
530 1124 601 1182 Μ,
632 1132 682 1171 et
705 1125 767 1172 ad
789 1134 1026 1188 punctum
1051 1126 1089 1172 C
1123 1133 1337 1188 ponatur
1367 1126 1407 1173 L
1438 1125 1477 1173 C
1507 1125 1600 1188 ipsi
1621 1139 1831 1188 perpen—-
1884 1180 1886 1183 v

458 1198 701 1256 dicularis,
724 1207 868 1246 erunt
891 1201 930 1246 L
955 1200 1008 1258 C,
1034 1201 1087 1247 M
1113 1201 1172 1258 D,
1197 1208 1400 1263 propter
1429 1200 1634 1263 angulos
1667 1206 1830 1247 rectos

457 1273 520 1320 ad
545 1274 582 1320 C
607 1283 656 1321 et
676 1274 746 1332 Μ,
770 1275 1029 1336 parallelae.
1100 1276 1282 1340 Anguli
1307 1291 1423 1339 ergo
1447 1275 1488 1322 L
1513 1275 1552 1322 C
1575 1275 1637 1333 D,
1661 1273 1703 1322 B
1722 1274 1767 1322 D
1792 1273 1831 1321 C
1894 1330 1909 1341 R

458 1349 634 1396 alterni
676 1357 790 1396 sunt
827 1350 1070 1412 aequales3
1125 1350 1243 1397 item
1283 1366 1463 1412 proper
1503 1349 1832 1412 aequalitatem
1879 1401 1885 1407 ,
1935 1389 1936 1405 ,

458 1432 703 1471 rectarum
743 1424 783 1470 Β
822 1424 874 1482 C,
915 1424 953 1471 C
986 1425 1046 1482 D,
1081 1425 1246 1487 anguli
1278 1425 1317 1471 B
1342 1425 1385 1472 D
1412 1425 1466 1484 C,
1512 1424 1551 1472 C
1574 1425 1615 1472 B
1638 1424 1683 1472 D
1718 1432 1832 1472 sunt
1935 1418 1936 1433 ³

459 1499 684 1561 aequales.
772 1500 954 1562 Anguli
983 1517 1100 1563 ergo
1134 1501 1173 1548 C
1198 1501 1237 1547 B
1262 1501 1306 1547 D
1341 1500 1419 1547 vel
1449 1500 1488 1547 C
1517 1500 1561 1547 D
1586 1500 1627 1547 Β
1658 1499 1833 1562 duplus

460 1582 536 1622 est
574 1575 779 1637 angulus
818 1576 860 1622 G
893 1575 931 1622 C
971 1576 1031 1622 D.
1100 1577 1189 1623 Est
1231 1589 1348 1638 ergo
1387 1575 1594 1638 angulus
1627 1575 1666 1622 G
1706 1574 1745 1621 C
1787 1573 1832 1620 D
1892 1582 1911 1610 Ξῖ

461 1649 637 1712 duplus
681 1650 849 1712 anguli
889 1651 928 1697 L
957 1650 995 1697 C
1022 1651 1082 1709 D,
1124 1651 1219 1698 hoc
1262 1658 1352 1709 est,
1394 1650 1562 1713 anguli
1603 1650 1648 1697 K
1689 1649 1730 1696 B
1772 1647 1830 1695 C.

460 1725 648 1772 Rursus
674 1725 712 1771 C
737 1725 780 1771 D
806 1733 880 1772 est
902 1725 1137 1788 parallela
1160 1726 1200 1772 Β
1224 1726 1280 1783 Ε,
1313 1732 1517 1788 propter
1543 1723 1835 1787 angulorum
1877 1726 1884 1743 ²

461 1800 500 1847 C
527 1799 567 1847 B
591 1800 646 1858 E,
672 1800 716 1846 D
744 1800 783 1846 E
805 1800 860 1858 B,
886 1808 935 1847 et
957 1808 1203 1847 rectarum
1228 1800 1266 1847 C
1286 1800 1341 1858 B,
1367 1800 1411 1846 D
1426 1799 1465 1846 E
1490 1798 1834 1862 aequalitatem,

461 1891 612 1937 quare
643 1875 810 1938 anguli
834 1875 876 1922 G
901 1875 939 1921 C
967 1875 1028 1933 D,
1062 1875 1103 1922 G
1127 1876 1166 1921 B
1186 1876 1225 1922 E
1261 1882 1376 1921 sunt
1406 1874 1631 1936 aequales,
1668 1880 1719 1920 et
1747 1888 1836 1936 per
1900 1879 1902 1881 ’

463 1967 764 2013 consequens
797 1958 900 1998 tam
922 1951 964 1997 G
989 1951 1029 1997 B
1052 1951 1109 2009 E,
1148 1967 1294 2013 quam
1329 1950 1374 1997 D
1396 1950 1436 1996 E
1461 1949 1517 2007 B,
1551 1949 1726 2012 duplus
1762 1955 1837 1996 est

462 2026 629 2089 anguli
672 2027 717 2072 K
759 2026 799 2072 B
843 2026 900 2072 C.
971 2026 1068 2072 Sed
1109 2025 1315 2088 angulus
1358 2032 1587 2072 externus
1623 2024 1671 2071 H
1713 2023 1758 2071 D
1795 2024 1835 2071 E

462 2101 661 2164 aequalis
700 2108 776 2147 est
806 2101 1003 2163 utrique
1036 2101 1233 2147 interno
1269 2100 1313 2147 D
1338 2101 1378 2147 E
1403 2100 1459 2158 B,
1495 2099 1539 2146 D
1577 2099 1617 2146 B
1652 2099 1726 2154 Ε;
1762 2106 1837 2146 est

464 2193 581 2238 ergo
621 2176 828 2238 angulus
860 2176 907 2222 H
947 2176 990 2222 D
1025 2176 1065 2222 E
1101 2175 1267 2238 anguli
1304 2176 1349 2221 K
1375 2175 1415 2221 Β
1441 2174 1479 2220 C
1514 2174 1705 2237 triplus,
1741 2181 1834 2221 etc.

465 2251 598 2314 quod
622 2259 728 2298 erat
749 2250 1071 2313 probandum.
1907 2307 1915 2310 -

532 2326 713 2374 Coroll.
741 2341 776 2372 1.
816 2326 1025 2373 Constat
1048 2326 1163 2372 hinc
1193 2326 1398 2388 angulos
1423 2326 1468 2373 K
1494 2325 1534 2372 B
1559 2324 1617 2382 C,
1643 2323 1682 2371 C
1710 2323 1751 2370 B
1773 2323 1834 2382 D,
1898 2335 1915 2365 ⁴ss

465 2409 514 2449 et
555 2401 765 2463 denique
796 2416 963 2448 omnes
992 2401 1368 2463 comprehensos
1404 2417 1434 2448 a
1469 2399 1657 2447 duabus
1688 2398 1835 2446 rectis

464 2477 515 2523 in
540 2476 708 2523 circuli
733 2475 1126 2523 circumferentia
1154 2475 1574 2533 concurrentibus,
1609 2473 1836 2521 insisten-

466 2552 692 2614 tibusque
708 2551 973 2613 aequalibus
997 2551 1221 2608 arcubus,
1248 2565 1352 2597 0550
1374 2550 1503 2597 inter
1523 2565 1574 2596 se
1591 2548 1818 2611 aequaleS.

533 2626 710 2673 Coroll.
737 2641 797 2672 11.
836 2625 887 2672 Si
911 2625 1201 2687 contingens
1242 2625 1282 2671 B
1308 2625 1353 2671 K
1378 2632 1548 2672 centro
1582 2624 1623 2670 Β
1647 2637 1837 2686 semper

465 2708 721 2748 moveatur
741 2699 1051 2746 uniformiter
1075 2699 1340 2746 secundum
1379 2698 1834 2755 circumferentiam,

467 2776 734 2838 aequalibus
774 2774 1074 2836 temporibus
1121 2774 1329 2836 aequales
1374 2773 1628 2822 abscindet
1664 2787 1834 2826 arcus3

468 2859 720 2912 totamque
760 2850 1077 2912 perimetrum
1124 2850 1354 2896 transibit
1399 2849 1572 2897 eodem
1616 2856 1834 2910 tempore

471 2942 566 2988 quo
590 2928 695 2987 ipsa
718 2941 862 2987 super
886 2933 1054 2972 centro
1082 2925 1121 2971 Β
1139 2924 1370 2972 describit
1384 2923 1832 2987 semiperimetrum.
