1910 3256
221 333 337 367 PARS
363 334 418 366 [V.

235 424 398 446 x--f--ae

186 462 235 493 Ad
249 462 400 494 salvanda

186 512 307 536 naturae
324 507 453 547 phaeno-

185 558 280 579 mena
296 549 394 590 hypo-

186 591 292 623 theses
308 603 374 624 sex.

185 2599 298 2630 Causae
312 2597 448 2629 reddun-

183 2647 235 2673 tur
250 2641 414 2683 possibiles

182 2690 289 2716 motus
303 2684 401 2715 annui
417 2688 448 2715 et

181 2728 298 2764 diurni,
327 2733 359 2759 et
391 2737 447 2768 ap-

183 2770 322 2811 parentis
347 2770 447 2801 direc-

183 2813 445 2853 tionis‚stationis,

468 210 563 252 348
1030 221 1284 255 PHYSICA.

467 329 659 388 atomis,
686 346 794 393 quae
818 347 907 394 per
930 338 1074 378 terrae
1111 338 1161 378 et
1198 339 1441 378 astrorum
1472 331 1724 380 intervalla
1747 332 1843 381 dis·

470 405 804 462 seminantur;
864 414 913 453 et
956 406 1164 470 denique
1210 422 1269 453 ex
1314 406 1601 454 fluidissimo
1647 407 1843 467 aethere,

469 480 632 528 locum
678 498 886 537 omnem,
925 482 1202 544 quicunque
1248 489 1322 529 est
1357 482 1408 528 in
1453 481 1694 541 universo,
1733 483 1844 530 reli-

472 571 621 618 quum
657 556 727 604 ita
757 564 1044 619 occupante,
1082 564 1139 603 ut
1179 557 1315 604 locus
1354 556 1515 604 nullus
1544 557 1846 620 relinquatur
1902 603 1905 614 ,Ἴ

471 646 668 678 vacuus.

540 705 764 753 Secundo
784 722 1004 769 suppono
1025 721 1136 752 cum
1152 705 1437 768 Copernico,
1459 722 1665 769 corpora
1674 707 1846 756 mundi

471 781 659 843 majora
704 788 754 828 et
800 779 1133 834 consistentia,
1190 780 1456 843 eademque
1510 782 1847 843 permanentia

473 871 613 902 suum
635 856 814 903 habere
839 856 968 903 inter
1009 871 1059 903 se
1102 854 1339 910 ordinem,
1374 863 1430 902 ut
1453 855 1518 903 sit
1539 856 1722 919 primus
1747 857 1845 918 Sol,

474 931 715 978 secundus
765 931 1054 989 Mercurius,
1100 930 1248 978 tertia
1291 930 1472 989 Venus,
1519 938 1694 993 quarta
1737 948 1847 981 cum

474 1005 629 1067 ipsam
675 1006 1007 1054 circumeunte
1052 1007 1169 1053 luna
1221 1005 1400 1064 Tellus,
1448 1005 1648 1069 quintus
1694 1007 1844 1067 Mars,

474 1087 638 1128 sextus
663 1097 774 1128 cum
812 1082 1042 1129 satellitio
1068 1097 1155 1128 suo
1187 1081 1395 1144 Jupiter,
1421 1081 1653 1144 septimus
1678 1082 1845 1130 Satur-

472 1171 580 1214 nus,
624 1155 815 1214 deinde,
855 1156 906 1203 in
944 1156 1146 1204 diversis
1186 1173 1216 1203 a
1255 1155 1356 1203 sole
1395 1156 1653 1216 distantiiS,
1696 1158 1846 1206 stellae

472 1230 597 1277 fixae.

538 1305 703 1353 Tertio
728 1322 950 1370 suppono
974 1323 1074 1354 non
1098 1307 1243 1354 modo
1269 1307 1374 1363 soli,
1410 1306 1495 1354 sed
1518 1307 1662 1354 etiam
1686 1315 1844 1367 terrae,

473 1387 523 1427 et
579 1380 788 1443 planetis
847 1381 1049 1444 singulis
1106 1382 1263 1429 inesse
1311 1389 1361 1428 et
1409 1398 1599 1445 semper
1647 1382 1846 1431 infuisse
1886 1387 1892 1390 ’

472 1463 661 1502 motum
716 1456 1001 1504 circularem
1060 1457 1343 1520 simplicem,
1403 1456 1618 1519 ipsorum
1661 1458 1846 1506 naturis

472 1546 705 1578 coaevum.

539 1605 729 1654 Quarto
755 1622 976 1669 suppono
1001 1623 1208 1670 corpora
1231 1607 1393 1670 aliqua
1415 1623 1518 1654 esse
1553 1607 1848 1671 interspersa
1887 1659 1890 1661 ,

472 1681 666 1743 corpori
709 1682 938 1739 aethereo,
979 1698 1080 1729 non
1122 1682 1287 1740 fluida,
1330 1682 1415 1729 sed
1454 1682 1576 1730 adeo
1610 1698 1759 1745 parva
1792 1690 1848 1731 ut

471 1756 642 1803 sentiri
665 1772 765 1804 non
787 1756 992 1819 possint,
1019 1764 1067 1804 et
1091 1773 1149 1804 ea
1172 1773 1366 1820 quoque
1406 1766 1542 1805 mota
1574 1766 1712 1805 motu
1733 1773 1846 1821 pro-

469 1830 577 1893 prio
603 1831 837 1893 simplice,
864 1838 914 1878 et
949 1847 1054 1879 esse
1091 1831 1187 1879 alia
1220 1831 1395 1890 minuS,
1431 1831 1527 1879 alia
1548 1832 1703 1896 magis
1727 1832 1848 1880 dura

470 1905 570 1952 sive
595 1906 925 1953 consistentia.

537 1981 725 2030 Quinto
751 1997 972 2044 suppono
999 1992 1121 2028 cum
1146 1981 1373 2044 Keplero,
1410 1997 1514 2029 esse
1536 1989 1594 2029 ut
1616 1981 1846 2030 distantia

469 2056 584 2103 solis
608 2073 637 2103 a
661 2063 792 2103 terra
815 2056 879 2103 ad
909 2056 1191 2104 distantiam
1226 2057 1355 2104 lunae
1398 2073 1427 2104 a
1463 2064 1609 2115 terra,
1646 2056 1717 2104 ita
1750 2057 1845 2106 dis-

469 2131 678 2179 tantiam
702 2131 831 2179 lunae
858 2148 887 2178 a
910 2139 1043 2179 terra
1065 2132 1128 2179 ad
1151 2139 1295 2179 terrae
1320 2131 1746 2180 semidiametrum.

539 2205 685 2254 Quod
721 2213 886 2253 autem
923 2206 986 2253 ad
1021 2206 1407 2268 magnitudinem
1450 2206 1757 2266 circulorum,
1795 2214 1844 2255 et

467 2288 692 2344 tempora
715 2281 765 2328 in
791 2281 967 2343 quibus
991 2298 1020 2328 a
1043 2282 1344 2344 corporibuS,
1370 2297 1477 2344 quae
1499 2281 1551 2328 in
1574 2281 1691 2344 ipsis
1715 2289 1841 2340 sunt,

470 2356 830 2414 describuntur,
856 2372 913 2403 ea
937 2372 1208 2419 supponam
1232 2372 1340 2419 quae
1363 2356 1478 2419 ipsis
1496 2356 1840 2419 phaenomenis,
1895 2416 1897 2418 Ι

467 2431 527 2478 de
552 2431 726 2494 quibus
763 2431 856 2478 erit
899 2431 1121 2495 quaestio,
1157 2430 1366 2478 maxime
1402 2430 1696 2478 videbuntur
1729 2446 1842 2478 con-

466 2506 648 2554 venire.

537 2587 583 2630 6.
621 2581 803 2628 Causas
828 2581 1125 2628 diversarum
1149 2580 1264 2627 anni
1287 2587 1648 2644 tempestatum,
1665 2579 1841 2628 omnis-

470 2672 565 2718 que
609 2656 797 2703 dierum
835 2655 1151 2718 noctiumque
1173 2655 1424 2702 varietatis
1459 2671 1547 2718 per
1574 2663 1729 2703 totam
1752 2653 1839 2701 tel-

467 2731 587 2779 luris
612 2730 932 2794 superficiem,
958 2747 1018 2777 ex
1042 2730 1293 2793 supposita
1329 2730 1504 2778 diurna
1539 2737 1681 2778 terrae
1704 2744 1838 2776 revo-

466 2806 653 2854 lutione
696 2806 826 2854 circa
868 2822 1009 2853 axem
1047 2805 1316 2868 proprium,
1358 2820 1456 2852 una
1491 2821 1600 2853 cum
1625 2803 1838 2868 ejusdem
