1936 3262
537 280 630 323 202
854 259 923 324 im
952 291 1286 325 RATIONIBUS
1313 291 1568 325 ΜοτυυΜ.

286 403 400 435 PARS
424 403 492 437 111·
541 398 582 444 A
607 399 663 458 G,
699 400 744 447 A
767 401 810 447 D
844 409 893 448 et
915 401 1205 463 productam
1240 401 1277 448 F
1301 402 1345 448 K
1381 402 1431 448 in
1467 402 1517 460 P,
1542 400 1614 459 M,
1639 400 1697 448 Ο.
1781 399 1899 450 Pos-

297 447 484 516 ᾧ
540 480 695 522 tremo
733 475 973 523 ducantur
1006 476 1043 522 F
1066 476 1124 534 O,
1166 476 1206 523 L
1229 476 1282 523 M
1324 476 1531 539 aequales
1566 483 1615 535 et
1655 475 1936 539 parallelae
1934 483 1936 512 ¹

271 538 509 614 ῗ1ξ1ωο1ξο1311ἷ100011οζ0
509 550 681 598 rectis
728 551 767 597 B
792 551 854 609 N,
903 552 925 598 I
949 551 1011 598 N
1087 551 1179 598 His
1221 550 1528 608 constructis,
1575 557 1717 598 erunt
1761 550 1804 597 A
1828 551 1894 615 H,

272 633 355 655 ΒΜ)
358 625 378 662 ¹
396 630 453 656 Μ
534 625 576 671 A
594 625 649 683 B,
697 626 740 672 A
765 626 802 683 Ι,
841 626 885 672 Α
909 626 954 672 N
1000 625 1329 689 longitudines
1373 641 1616 689 percursae
1666 624 1895 674 continue
1935 629 1936 670 ὲ

531 694 950 764 11101101110110103.Ι
1004 700 1249 760 Similiter,
1273 709 1495 764 tempora
1517 700 1559 748 G
1574 701 1639 758 H,
1666 700 1705 748 B
1724 700 1776 758 F,
1810 701 1832 748 I
1855 700 1899 758 1,

534 783 584 822 et
622 775 740 833 NP,
781 776 876 823 hoc
917 783 1005 834 est,
1063 776 1108 822 N
1135 776 1196 834 Q,
1243 775 1372 834 ΝΟ,
1417 775 1553 833 ΝΜ,
1601 773 1710 822 ΝΡ
1753 782 1896 825 erunt

535 850 765 898 continue
795 850 1192 913 proportionalia,
1225 850 1276 897 in
1312 850 1479 898 eadem
1502 849 1692 897 ratione
1723 849 1774 896 in
1802 865 1896 912 qua

534 933 649 973 sunt
669 926 707 971 A
730 926 794 983 H,
824 926 869 973 A
889 926 943 984 B,
966 926 1006 972 A
1027 926 1065 983 I,
1092 927 1131 971 A
1150 925 1212 972 N.
1282 926 1370 972 Est
1395 941 1511 988 ergo
1536 924 1661 972 ratio
1691 924 1736 971 A
1755 925 1802 972 H
1834 924 1898 975 ad

532 1000 575 1046 A
592 1001 637 1047 N
662 1000 830 1047 eadem
865 1016 971 1063 quae
994 1000 1119 1047 ratio
1145 1001 1184 1046 B
1204 999 1264 1057 D,
1301 999 1353 1046 id
1376 1008 1450 1047 est
1474 999 1519 1046 N
1543 999 1604 1056 Q,
1631 998 1694 1046 ad
1717 998 1762 1046 N
1779 999 1815 1046 P
1846 1006 1928 1046 et*

532 1071 657 1122 ratio
683 1075 728 1121 N
749 1075 796 1122 Q.
831 1075 894 1122 ad
926 1075 971 1121 N
991 1075 1027 1121 P
1059 1074 1305 1137 triplicata
1326 1073 1533 1120 rationis¹
1551 1073 1597 1120 N
1620 1073 1667 1122 Q
1689 1073 1750 1120 ad
1774 1073 1820 1120 N
1835 1073 1893 1132 Ο,

531 1149 625 1196 hoc
662 1157 750 1207 est,
796 1149 1042 1212 triplicata
1084 1149 1287 1196 rationis
1336 1148 1375 1195 B
1395 1148 1438 1195 D
1481 1147 1544 1195 ad
1584 1148 1606 1195 Ι
1631 1148 1706 1202 Κ;
1746 1163 1897 1211 quare

530 1223 657 1270 ratio
680 1223 998 1287 longitudinis
1017 1223 1057 1270 A
1080 1224 1128 1270 H
1153 1223 1216 1270 ad
1239 1222 1594 1285 longitudinem
1615 1222 1657 1268 A
1674 1221 1721 1269 N
1740 1222 1896 1285 tripli-'-

531 1306 642 1346 cata
677 1306 752 1346 est
790 1299 993 1346 rationis
1033 1298 1266 1361 temporis
1304 1299 1403 1345 BD
1440 1298 1504 1345 ad
1542 1305 1732 1360 tempus
1772 1298 1863 1346 ΙΚ
1880 1318 1914 1354 34*

530 1389 680 1436 quare
705 1390 852 1421 curva
873 1374 1055 1421 trilinei
1079 1390 1138 1420 ex
1164 1373 1348 1421 duabus
1381 1372 1552 1420 mediis
1574 1372 1733 1436 primi,
1759 1363 1898 1435 cujus¹

530 1448 766 1495 diameter
807 1457 882 1495 est
928 1449 968 1494 A
999 1449 1045 1496 H
1092 1456 1141 1495 et
1196 1448 1325 1495 basis
1372 1448 1414 1496 G
1436 1448 1483 1495 H
1527 1446 1725 1510 aequalis
1770 1447 1815 1495 A
1839 1447 1893 1506 C,
1933 1502 1936 1508 1

529 1523 758 1571 transibit
779 1539 867 1586 per
897 1530 1134 1586 punctum
1166 1523 1224 1581 O,
1263 1531 1313 1570 et
1345 1521 1551 1586 proinde
1583 1530 1895 1584 percurretur

529 1598 572 1643 A
589 1599 637 1645 H
684 1606 903 1660 tempore
945 1598 1055 1656 AC,
1102 1598 1398 1660 habebitque
1439 1597 1675 1659 impetum
1721 1596 1894 1646 ultimo

530 1673 821 1735 acquisitum
862 1673 983 1731 GH,
1017 1673 1251 1735 aequalem
1289 1674 1330 1718 A
1353 1672 1406 1730 C,
1440 1678 1491 1719 et
1521 1671 1760 1718 rationem
1788 1671 1894 1720 lon-

528 1747 821 1810 gitudinum,
868 1747 1162 1810 quibuslibet
1201 1746 1500 1809 temporibus
1540 1760 1892 1808 percursarum,

530 1822 732 1869 rationis
752 1823 966 1885 ipsorum
985 1830 1258 1885 temporum
1276 1821 1585 1884 triplicatam.
1651 1820 1758 1868 Erit
1777 1837 1893 1884 ergo

530 1896 574 1943 A
591 1898 638 1943 H
663 1897 917 1960 longitudo
943 1913 1087 1959 quam
1112 1897 1370 1959 oportebat
1392 1895 1624 1943 invenire.

595 1971 777 2019 Eadem
822 1972 1068 2030 methodo,
1110 1971 1150 2018 si
1196 1971 1339 2018 detur
1379 1969 1634 2032 longitudo
1677 1969 1893 2032 quolibet

530 2047 644 2094 dato
691 2055 909 2109 tempore
953 2054 1092 2094 motu
1133 2045 1364 2094 uniformi
1404 2059 1650 2107 percursa,
1686 2044 1893 2093 inveniri

528 2129 693 2184 potest
732 2121 986 2184 longitudo
1027 2120 1197 2168 eodem
1236 2128 1456 2182 tempore
1490 2134 1721 2182 percursa
1755 2126 1892 2166 motu

527 2197 799 2244 accelerato
842 2196 1108 2243 secundum
1142 2195 1382 2243 rationem
1421 2193 1781 2257 longitudinum
1814 2210 1891 2241 ra-

528 2272 674 2319 tionis
699 2280 973 2333 temporum
1006 2270 1438 2333 quadruplicatam,
1471 2268 1889 2331 quintuplicatam,

527 2355 578 2394 et
597 2348 665 2394 sic
681 2347 909 2408 deinceps
930 2346 981 2392 in
996 2346 1253 2393 infinitum.
1323 2345 1451 2392 Nam
1466 2344 1507 2391 si
1531 2343 1623 2390 BD
1648 2343 1890 2390 dividatur

526 2422 577 2469 in
601 2423 656 2479 E,
692 2422 761 2468 ita
782 2429 839 2467 ut
863 2421 902 2467 B
921 2421 964 2467 D
989 2421 1052 2467 sit
1076 2421 1137 2468 ad
1162 2421 1200 2467 B
1219 2421 1258 2467 E
1277 2428 1334 2467 ut
1352 2426 1380 2466 4
1402 2419 1529 2476 adl,
1555 2425 1605 2466 et
1627 2418 1755 2466 inter
1782 2418 1887 2476 BD,

528 2498 567 2544 B
586 2498 625 2544 E
650 2504 868 2544 sumatur
886 2496 1045 2543 media
1067 2497 1104 2542 F
1123 2495 1179 2551 B,
1203 2504 1252 2542 et
1270 2496 1357 2543 fiat
1380 2502 1435 2542 ut
1467 2494 1511 2541 A
1532 2494 1579 2540 H
1613 2493 1676 2540 ad
1697 2493 1742 2540 A
1757 2494 1796 2540 B
1819 2493 1889 2541 ita

527 2573 571 2619 A
591 2573 630 2619 B
655 2572 716 2619 ad
752 2571 959 2629 tertiam,
990 2578 1039 2617 et
1073 2586 1238 2618 rursus
1271 2571 1342 2617 ita
1377 2569 1523 2616 tertia
1545 2568 1627 2615 illa
1649 2568 1712 2615 ad
1745 2584 1888 2631 quar-

527 2656 642 2705 tam,
668 2655 717 2694 et
737 2654 910 2709 quarta
933 2646 996 2693 ad
1018 2646 1238 2708 quintam
1261 2646 1305 2692 A
1325 2646 1387 2703 Ν,
1423 2644 1494 2691 ita
1526 2650 1582 2690 ut
1613 2643 1738 2690 ratio
1773 2643 1818 2690 A
1837 2643 1885 2691 H

526 2723 589 2771 ad
612 2724 656 2770 A
674 2723 720 2769 N
745 2722 808 2769 sit
832 2720 1200 2784 quadruplicata
1226 2720 1429 2767 rationis
1459 2719 1503 2766 A
1527 2718 1575 2765 H
1614 2718 1675 2766 ad
1698 2718 1743 2765 A
1758 2718 1813 2776 B,
1838 2725 1888 2765 et

527 2794 767 2859 completo
798 2795 1248 2858 parallelogrammo
1284 2794 1330 2840 N
1347 2794 1386 2840 B
1404 2794 1440 2840 F
1459 2794 1517 2852 O,
1553 2792 1779 2840 transibit
1799 2807 1888 2855 per

526 2872 568 2918 O
593 2888 742 2919 curva
764 2870 944 2918 trilinei
968 2886 1027 2917 ex
1048 2869 1219 2917 mediis
1244 2869 1399 2916 tribus
1422 2868 1581 2931 primi,
1606 2875 1656 2915 et
1683 2867 1886 2930 proinde
