1936 3262
498 266 554 308 10
808 275 1160 309 COMPUTArlo
1188 277 1312 310 SIVE
1339 278 1554 311 LOGICA.

257 404 373 436 PARS
390 403 416 435 Ι.
490 394 576 442 56(1
615 394 762 442 etiam
802 410 903 442 non
947 395 1072 443 bene
1109 395 1396 452 fundatam3
1432 414 1542 445 nam
1584 413 1692 461 quae
1727 407 1863 449 recta
1884 410 1919 458 3

260 495 435 518 x-ff—-ae
488 470 861 518 ratiocinatione
899 479 1279 533 cognoscuntur,
1315 488 1373 519 ea
1413 472 1550 528 falsa,
1587 481 1673 520 aut
1715 473 1865 525 dubia
1882 462 1911 532 73³2

488 561 592 592 esse
633 561 733 593 non
777 553 1015 607 possunt3
1065 546 1232 609 itaque
1277 547 1553 595 excluditur
1597 547 1907 612 astrologia

489 620 644 684 qualis
685 620 830 668 hodie
877 628 1170 680 ostentatur,
1227 629 1276 669 et
1336 630 1528 670 caeterae
1582 622 1861 686 hujusmodi
1899 638 1908 675 ζ

488 695 812 744 divinationes
835 696 999 758 potius
1038 712 1185 759 quam
1209 697 1457 751 scientiae;
1492 704 1741 760 postremo
1778 714 1863 748 ex-
1899 685 1910 746 {³

488 771 701 819 cluditur
723 788 753 819 a
780 771 1104 834 philosophia,
1138 772 1364 819 doctrina
1404 771 1463 819 de
1498 772 1634 820 cultu
1657 773 1748 821 Dei
1777 774 1861 837 qui
1877 819 1884 821 c
1900 818 1918 823 μ,

485 863 586 894 11011
609 863 639 894 a
660 847 851 894 ratione
870 846 1097 906 naturali,
1120 847 1207 895 sed
1230 848 1290 894 ab
1306 847 1608 895 authoritate
1626 848 1860 899 Ecclesiae
1883 843 1918 899 J,

487 921 855 985 cognoscendus
879 929 968 981 est,
992 938 1152 986 neque
1176 921 1239 969 ad
1258 922 1513 970 scientiam
1528 922 1615 970 sed
1633 923 1697 972 ad
1713 923 1861 972 fidem

485 997 715 1060 pertinet.

281 1083 400 1114 Partes.
551 1078 598 1119 9.
635 1072 960 1135 Philosophiae
998 1079 1162 1134 partes
1216 1071 1509 1134 principales
1549 1071 1657 1120 duae
1711 1080 1858 1128 sunt3

486 1163 747 1210 corporum
821 1147 951 1194 enim
1012 1146 1372 1209 generationes,
1435 1147 1860 1211 proprietatesque
1900 1166 1908 1180 ··

486 1222 832 1284 quaerentibus,
859 1222 954 1269 duo
981 1236 1243 1284 corporum
1274 1220 1414 1283 quasi
1450 1237 1639 1269 summa
1677 1237 1862 1285 genera
1884 1223 1902 1248 ³*

484 1297 790 1360 maximeque
805 1296 935 1343 inter
950 1312 1001 1344 se
1022 1296 1255 1343 distincta
1278 1311 1382 1343 sese
1407 1296 1620 1344 offerunt
1644 1317 1656 1352 ;
1690 1312 1859 1356 unum,
1910 1307 1922 1359 ζ

486 1372 619 1435 (111οᾱ
653 1389 684 1420 a
722 1379 900 1419 natura
935 1387 1100 1419 rerum
1138 1371 1550 1434 compaginatum,
1588 1371 1860 1435 appellatur

485 1447 718 1494 naturale
740 1466 760 1502 ;
812 1447 1037 1506 alterum,
1084 1446 1217 1509 quod
1261 1462 1291 1493 a
1336 1446 1591 1494 voluntate
1645 1446 1892 1497 humana2

485 1522 892 1570 conventionibus
936 1522 1345 1584 pactionibusque
1386 1521 1640 1569 hominum
1677 1522 1858 1570 consti-
1912 1551 1925 1577 ·;

484 1605 647 1645 tutum
670 1597 851 1645 civitas
884 1597 1182 1644 nominatur.
1272 1597 1405 1644 Hinc
1437 1597 1604 1660 itaque
1632 1597 1865 1645 oriuntur*

483 1673 641 1735 primo
700 1673 810 1720 duae
871 1680 1036 1735 partes
1098 1671 1437 1735 philosophiae,
1497 1671 1750 1719 naturalis
1809 1680 1859 1721 et

485 1748 665 1795 civilis.
757 1747 945 1795 Deinde
968 1763 1084 1795 vero
1110 1747 1225 1810 quia
1255 1746 1318 1794 ad
1352 1747 1716 1809 cognoscendas
1741 1747 1858 1796 civi·
1903 1738 1911 1813 ‘g

484 1823 601 1870 tatis
635 1823 977 1886 proprietates,
1018 1822 1350 1869 necessarium
1390 1829 1466 1869 est
1504 1828 1562 1869 ut
1605 1822 1859 1870 hominum

483 1898 695 1960 ingenia,
719 1898 938 1955 affectus,
962 1913 1138 1955 mores,
1164 1904 1279 1944 ante
1304 1903 1681 1959 cognoscantur,
1700 1897 1858 1961 philo-
1905 1904 1927 1957 ’Ξ

485 1973 656 2035 sophia
692 1973 845 2020 civilis
882 1988 1048 2020 rursus
1086 1972 1137 2019 in
1168 1972 1287 2019 duas
1322 1978 1488 2034 partes
1525 1971 1682 2020 scindi
1717 1972 1855 2031 solet,
1893 1963 1921 1996 *³³

484 2064 690 2111 quarum
727 2064 784 2095 ea
813 2064 921 2111 quae
960 2048 1019 2094 de
1055 2047 1265 2110 ingeniis
1301 2046 1616 2110 moribusque
1657 2054 1855 2106 tractat,

482 2123 665 2182 ethica,
703 2123 858 2171 altera
898 2139 1007 2186 quae
1044 2122 1104 2169 de
1146 2121 1315 2169 officiis
1362 2121 1540 2169 civium
1586 2123 1855 2185 cognoscit,

473 2198 710 2262 politica,
736 2199 835 2246 sive
860 2198 1023 2246 civilis
1048 2197 1333 2260 simpliciter
1355 2196 1650 2244 nominatur.
1712 2197 1854 2245 Dice·
1888 2248 1913 2261 ,7

481 2288 588 2326 mus
634 2274 799 2336 itaque
849 2272 1130 2336 (postquam
1176 2288 1233 2319 ea
1278 2287 1386 2334 quae
1430 2271 1494 2318 ad
1534 2271 1855 2335 philosophiae
1909 2326 1918 2334 Ι

482 2348 632 2411 ipsius
684 2356 912 2396 naturam
956 2348 1207 2411 pertinent
1246 2346 1643 2410 praemiserimus)
1695 2347 1853 2410 primo
1896 2346 1921 2390 L

479 2423 589 2471 loco
648 2424 707 2471 de
760 2423 1057 2486 corporibus
1117 2420 1431 2469 naturalibus
1456 2439 1474 2475 ;
1532 2422 1745 2470 secundo
1793 2422 1853 2470 de
1899 2446 1901 2451 ·

481 2498 682 2562 ingenio
724 2504 774 2544 et
814 2497 1029 2544 moribus
1070 2496 1317 2550 hominis,·
1370 2496 1536 2555 tertio,
1573 2495 1634 2544 de
1674 2497 1853 2558 officiis
1910 2528 1912 2530 v

481 2573 671 2620 civium.
1910 2563 1922 2630 J

244 2661 411 2702 Epilogus.
554 2655 626 2697 10.
664 2649 916 2696 Postremo
954 2663 1065 2694 cum
1104 2647 1202 2694 sint
1246 2646 1454 2694 fortasse
1498 2646 1736 2706 nonnulli,
1774 2647 1854 2696 cui
1900 2646 1917 2711 s

482 2724 700 2771 definitio
724 2722 1042 2786 philosophiae
1068 2738 1214 2784 supra
1231 2720 1413 2768 tradita
1428 2738 1529 2769 non
1546 2722 1726 2785 placet,
1746 2722 1853 2785 qui-
1899 2713 1902 2715 ⁵
1923 2783 1925 2786 .

483 2814 576 2861 que
621 2798 846 2845 libertate
892 2797 955 2844 ad
999 2796 1255 2843 arbitrium
1301 2795 1563 2843 definiendi
1604 2812 1850 2855 concessa,

485 2873 722 2935 quidlibet
778 2889 837 2920 ex
893 2871 1111 2935 quolibet
1157 2870 1383 2918 concludi
1438 2886 1581 2933 posse
1622 2870 1850 2919 dictitant
