1936 3262
382 254 438 295 lvi
752 269 863 296 vm·AE
886 268 1128 296 nonssiANAE
1153 269 1434 298 AUCTARIUM.

383 378 670 435 apographum
709 379 785 421 tibi
820 379 1014 429 concessi,
1055 378 1341 421 authenticum
1381 389 1518 422 autem
1555 380 1653 422 dedi
1690 381 1826 424 amico

382 467 513 509 nobili
551 477 593 510 et
627 469 760 520 docto,
797 484 908 511 anno
944 469 1096 511 abhinc
1130 470 1339 513 defuncto.
1403 471 1488 513 Sua
1523 470 1736 528 Majestas,
1771 472 1826 515 ad

384 574 508 615 quam
545 560 725 602 maxime
756 569 913 617 spectat
945 560 1016 617 qui
1047 560 1144 602 libri
1178 561 1220 602 in
1255 561 1470 617 publicum
1504 561 1720 617 prodeant,
1758 577 1827 605 me·

382 649 507 706 longe
526 650 674 692 melius
694 651 822 701 novit,
838 650 940 707 quid
960 650 1067 693 facto
1088 666 1191 707 opus
1212 652 1275 693 sit.
1339 651 1505 693 Nollem
1521 652 1662 709 itaque
1683 652 1761 695 hac
1780 652 1824 694 in

382 756 427 782 re
462 741 506 782 in
538 741 663 797 ipsius
699 741 967 784 offensionem
998 742 1234 794 incurrere3
1274 758 1412 800 neque
1451 753 1492 786 te
1527 744 1624 786 huic
1659 744 1827 801 negotio

383 831 625 882 immisceas,
647 847 761 887 rogo,
822 832 889 873 Ne
910 832 974 874 vel
994 832 1187 875 minimas
1218 834 1261 874 in
1291 834 1398 876 libro
1427 833 1679 890 publicando
1705 834 1830 878 susti-

383 938 528 964 nerem
547 932 698 979 partes,
721 923 865 979 quovis
880 924 1014 979 pretio
1035 923 1295 966 redimerem.

439 1017 543 1056 Jun.
569 1016 633 1063 19,
659 1014 782 1056 1679.
1339 1013 1576 1060 Tuus—T.
1599 1013 1824 1057 HOBBEs.”

442 1193 565 1235 Circa
602 1194 789 1234 medium
829 1193 1037 1243 Octobris,
1075 1193 1176 1234 anni
1210 1194 1332 1243 1679,
1368 1194 1501 1236 urinae
1540 1193 1829 1251 suppressione

382 1291 596 1339 correptus
616 1292 699 1333 est3
732 1282 882 1324 medici
901 1292 1043 1324 autem
1078 1283 1132 1324 ob
1159 1282 1363 1339 grandem
1391 1292 1571 1334 aetatem,
1599 1284 1653 1326 de
1678 1285 1827 1327 morbo

383 1372 527 1428 quovis
557 1364 835 1415 remediorum
872 1381 1075 1429 apparatu
1109 1373 1274 1429 penitus
1308 1373 1551 1424 amovendo,
1582 1374 1754 1432 ipsoque
1782 1374 1827 1416 in

382 1462 593 1518 integrum
613 1463 881 1513 restituendo,
905 1463 1192 1519 desperabant.
1243 1464 1450 1507 Vicesimo
1471 1464 1720 1508 Novembris
1740 1465 1828 1508 De·-

382 1553 517 1595 voniae
533 1553 697 1595 Comite
713 1568 808 1595 cum
824 1553 1015 1595 universa
1026 1553 1183 1595 familia
1197 1569 1222 1595 a
1236 1553 1528 1597 Cattiswortho
1542 1555 1827 1598 Hardovicum

384 1642 717 1699 transmigrante,
738 1643 932 1685 Hobbius
948 1652 1171 1699 patronum
1188 1644 1412 1686 comitandi
1426 1645 1566 1687 animo
1582 1646 1825 1697 obstinatus,

383 1733 541 1775 lecticae
573 1734 788 1790 impositus
807 1734 886 1776 viae
919 1735 1206 1785 committitur,
1228 1750 1282 1776 ex
1308 1736 1457 1777 itinere
1477 1736 1581 1777 nihil
1602 1737 1827 1794 quicquam

384 1823 584 1864 molestiae
599 1824 686 1879 pati
702 1823 824 1865 visus.
876 1823 1160 1865 Nihilominus
1177 1839 1250 1866 sex
1265 1834 1474 1881 septemve
1493 1825 1639 1868 diebus
1654 1836 1826 1883 praeter-

382 1912 520 1968 lapsis,
549 1912 688 1955 dextri
714 1913 854 1955 lateris
882 1924 1167 1956 consummata
1185 1915 1364 1972 paralysi
1382 1915 1566 1966 affectus,
1588 1925 1631 1958 et
1648 1916 1826 1975 loquelae

385 2018 462 2044 usu
491 2003 676 2059 privatus
706 2012 779 2044 est.
843 2003 1036 2045 Posthaec
1065 2004 1262 2060 pauculos
1291 2005 1378 2047 dies
1407 2006 1646 2062 supervixit,
1677 2021 1825 2063 parum

385 2108 550 2135 sumens
589 2093 788 2143 alimenti,
822 2093 1031 2135 dormiens
1070 2094 1309 2150 plurimum,
1345 2110 1420 2151 per
1457 2095 1674 2138 intervalla
1710 2096 1826 2154 loqui

385 2193 568 2235 conatus,
591 2185 664 2226 sed
684 2184 858 2226 frustra:
891 2194 978 2227 toto
1008 2186 1145 2228 morbi
1171 2186 1360 2246 decursu,
1382 2187 1453 2228 vix
1481 2187 1627 2229 febrile
1655 2188 1826 2245 aliquod

385 2284 617 2331 symptoma
633 2277 886 2333 comparuit3
909 2277 967 2319 ita
983 2287 1029 2319 ut
1045 2278 1099 2320 ob
1115 2287 1343 2320 extremam
1361 2286 1626 2329 senectutem,
1641 2279 1824 2321 extincto

385 2365 621 2422 biolychnio
641 2375 683 2408 et
703 2367 921 2409 deficiente
937 2368 1032 2410 vitae
1044 2368 1199 2419 fomite,
1215 2383 1340 2425 quam
1356 2368 1615 2425 aegritudinis
1631 2368 1825 2410 violentia

385 2471 408 2497 e
438 2456 539 2498 vivis
571 2457 773 2499 excedere
804 2458 1027 2500 videretur.
1089 2459 1208 2501 Obiit
1238 2468 1378 2500 autem
1410 2467 1558 2515 quarto
1579 2458 1823 2501 Decembris

389 2547 509 2589 1679.

444 2634 590 2677 Elatus
610 2646 672 2678 est
699 2652 751 2679 ex
778 2637 938 2679 aedibus
968 2638 1133 2694 patroni
1162 2637 1237 2688 sui,
1270 2653 1422 2694 pompa
1450 2652 1535 2679 non
1565 2652 1729 2695 magna,
1751 2638 1825 2686 sed

386 2725 518 2767 officio
538 2725 695 2768 funeris
722 2728 818 2769 satis
838 2727 1001 2769 decoro.
1065 2727 1260 2784 Sepultus
1281 2738 1342 2770 est
1359 2713 1406 2769 in
1427 2728 1597 2770 ecclesia
1616 2728 1751 2770 vicina
1769 2728 1822 2770 de

387 2815 522 2857 Hault
563 2815 787 2867 Hucknall,
830 2817 1040 2859 sacerdote
1079 2817 1308 2859 secundum
1345 2818 1541 2860 Ecclesiae
1576 2818 1822 2874 Anglicanae

386 2906 582 2948 formulas
611 2908 883 2964 exequiarum
906 2908 1021 2964 justa
1050 2908 1285 2951 celebrante
1360 2909 1564 2951 Conditus
1604 2919 1665 2950 est
1697 2909 1822 2964 juxta
