1936 3262
470 266 498 306 2
785 273 1135 307 COMPUTATIO
1164 274 1288 307 SIVE
1315 272 1530 306 LOGICA.

239 407 355 439 PARS
373 407 399 438 1.
471 392 677 456 arreptis
722 392 913 450 imbuti,
959 399 1194 455 tanquam
1237 407 1410 455 parum
1455 391 1561 438 sani
1604 396 1842 454 perpetuo
1880 419 1883 442 ι

241 452 403 519 *3⁴
473 468 739 531 disputant,
787 475 837 515 et
876 467 1114 514 rixantur.
1190 467 1366 515 Fateor
1413 465 1611 529 quidem
1654 472 1846 528 partem
1878 467 1883 478 ²

469 543 792 608 philosophiae
808 559 930 600 eam,
956 542 1007 589 in
1023 558 1119 605 qua
1132 541 1542 605 magnitudinum,
1555 541 1847 604 figurarum·

472 635 567 682 que
606 619 822 666 rationes
868 624 1210 680 supputantur,
1258 616 1452 680 egregie
1499 615 1682 663 cultam
1725 630 1845 662 esse.
1882 654 1905 670 „

474 694 718 742 Caeterum
742 693 856 756 quia
878 693 930 740 in
952 692 1152 755 reliquis
1175 692 1395 755 partibus
1420 691 1625 739 similem
1648 704 1847 754 operam
1867 684 1903 735 “.

470 770 683 833 positam
698 768 916 816 nondum
930 767 1045 826 vidi,
1068 767 1324 815 consilium
1338 767 1466 825 ineo,
1482 765 1643 829 quoad
1655 772 1846 828 potem,

471 843 793 907 philosophiae
832 842 1073 890 universae
1112 858 1270 905 pauca
1303 849 1354 889 et
1392 841 1550 904 prima
1591 840 1846 897 elementa,

474 927 710 982 tanquam
747 918 932 965 semina
968 917 1192 980 quaedam
1215 933 1275 964 ex
1298 917 1472 980 quibus
1509 932 1634 979 pura
1656 922 1707 963 et
1732 930 1850 963 vera
1883 971 1886 979 ..

473 993 783 1057 philosophia
796 992 1031 1055 paulatim
1047 992 1210 1039 enasci
1223 1007 1366 1054 posse
1379 991 1575 1039 videtur
1590 989 1847 1053 explicare.
1888 988 1901 1001 ”

543 1068 705 1117 Quam
740 1067 934 1114 difficile
971 1067 1035 1114 sit
1075 1067 1388 1124 inveteratas,
1429 1064 1850 1128 eloquentissimo·
1905 1076 1922 1093 ²⁰

474 1159 680 1206 rumque
717 1142 1011 1204 scriptorum
1034 1141 1334 1190 authoritate
1358 1141 1669 1188 confirmatas
1693 1139 1849 1202 opini-
1891 1199 1907 1212 Ἃ

475 1234 594 1265 ones
635 1217 880 1265 mentibus
925 1217 1180 1264 hominum
1225 1223 1469 1274 excutere,
1514 1231 1616 1263 non
1655 1214 1849 1278 ignoro.
1886 1222 1904 1266 ‘1

475 1292 752 1340 Praesertim
777 1308 888 1340 cum
915 1292 1224 1355 philosophia
1250 1307 1367 1339 vera
1404 1291 1476 1352 (id
1499 1298 1574 1338 est
1596 1290 1846 1351 accurata)
1902 1294 1929 1346 Ἀ]

475 1368 712 1415 orationis
736 1383 837 1415 non
860 1367 1007 1414 modo
1031 1367 1212 1425 fucum,
1254 1367 1342 1415 sed
1374 1368 1523 1414 etiam
1557 1365 1721 1414 omnia
1747 1365 1850 1413 fere
1900 1356 1929 1432 ἕξ

476 1450 766 1490 ornamenta
789 1458 849 1489 ex
870 1441 1092 1505 professo
1129 1442 1351 1505 rejiciat3
1388 1457 1596 1504 cumque
1633 1440 1850 1488 scientiae
1902 1436 1928 1461 Ὗ

476 1518 634 1564 omnis
658 1517 978 1564 fundamenta
999 1517 1172 1579 prima,
1207 1533 1309 1564 non
1338 1516 1484 1564 modo
1509 1515 1729 1579 speciosa
1749 1531 1852 1562 non

475 1593 588 1650 sint,
634 1592 721 1639 sed
758 1593 906 1640 etiam
945 1592 1162 1651 humilia,
1201 1592 1352 1650 arida,
1391 1599 1440 1639 et
1466 1607 1591 1654 pene
1615 1590 1853 1639 deformia
1908 1587 1927 1605 ‘'

472 1666 746 1714 videantur.
1919 1712 1925 1728 ‚1

539 1744 774 1790 Attamen
800 1758 911 1789 cum
934 1742 1033 1790 sint
1052 1742 1202 1806 aliqui
1225 1749 1374 1800 certe,
1395 1757 1673 1805 quanquam
1690 1741 1851 1805 pauci,

473 1834 595 1880 quos
619 1818 670 1864 in
695 1817 828 1865 omni
851 1834 905 1865 re
927 1818 1108 1865 veritas
1133 1826 1182 1865 et
1205 1817 1452 1865 rat-ionum
1473 1816 1723 1864 firmitudo
1745 1817 1853 1880 ipsa
1906 1822 1924 1883 ’ζ’

472 1909 561 1955 per
581 1908 632 1940 se
653 1892 882 1951 delectat,
902 1893 1071 1956 paucis
1094 1893 1188 1940 illis
1213 1909 1411 1956 operam
1431 1893 1560 1940 hanc
1577 1891 1853 1940 navandam
1899 1931 1901 1934 .

474 1983 579 2015 esse
611 1968 793 2015 censui.
864 1969 1036 2031 Itaque
1071 1969 1133 2016 ad
1174 1968 1453 2016 institutum
1495 1967 1655 2016 venio.
1723 1967 1852 2016 Inci-
1914 1989 1925 2034 f

474 2043 606 2106 piam
629 2051 794 2093 autem
817 2043 878 2090 ab
898 2043 1004 2106 ipsa
1024 2043 1346 2106 philosophiae
1370 2043 1669 2091 definitione.
1916 2036 1924 2100 J

242 2136 456 2187 Phnqspphiae
540 2125 588 2166 2.
619 2117 952 2182 Philosophia
972 2125 1048 2165 est
1066 2119 1351 2180 Effectaum
1370 2118 1474 2166 sive
1491 2117 1850 2166 Phoenomenwn

241 2180 405 2264 ξξξῗὶζῖξᾶ
473 2209 536 2240 ex
569 2193 823 2257 concepti-s·
869 2210 1034 2240 eorum
1081 2194 1261 2241 Causis
1297 2210 1386 2241 sea
1417 2191 1849 2251 Generationibus,

473 2274 524 2315 et
563 2284 740 2315 rursus
782 2268 1166 2316 Generationum
1211 2285 1321 2332 qaoe
1365 2284 1474 2315 esse
1511 2273 1741 2331 possunt,
1787 2284 1849 2315 ex

473 2342 693 2406 cognitis
743 2342 1000 2404 effectibus
1037 2359 1139 2406 per
1185 2350 1373 2391 rectam
1417 2342 1849 2390 ratiocinationem
1906 2380 1908 2386 .

473 2417 726 2481 acquisita
749 2417 988 2480 cognitio.
1915 2414 1918 2421 ’

538 2492 618 2539 Ad
633 2507 779 2555 quam
794 2491 1128 2539 definitionem
1142 2491 1524 2555 intelligendam,
1541 2491 1848 2540 considerare
1901 2513 1908 2526 κ

473 2574 670 2629 oportet
692 2566 866 2630 primo,
893 2567 1177 2614 Sensionem
1197 2574 1344 2630 atque
1359 2567 1648 2615 Memoriam
1670 2582 1847 2626 rerum,
1912 2597 1913 2603 κ

475 2657 584 2702 quae
610 2656 890 2688 communes
913 2640 1101 2688 homini
1127 2649 1241 2689 sunt
1256 2658 1367 2688 cum
1386 2643 1611 2690 omnibus
1630 2642 1848 2690 animan-

473 2715 621 2774 tibus,
659 2716 752 2764 etsi
787 2715 1092 2779 cognitiones
1118 2716 1231 2773 sint,
1261 2724 1426 2764 tamen
1450 2717 1565 2780 quia
1588 2717 1715 2765 datae
1734 2723 1848 2765 sunt

472 2790 639 2836 statim
661 2807 691 2838 a
712 2798 904 2848 natura,
934 2806 1035 2839 non
1059 2791 1398 2840 ratiocinando
1437 2791 1704 2855 acquisitae,
1745 2807 1847 2839 non
1912 2789 1914 2791 ’

472 2879 576 2912 esse
598 2865 967 2929 philosophiam.
