1910 3256
491 224 582 266 304
817 236 886 270 DE
917 238 1257 288 RAJrIONmus
1284 240 1539 274 Mo'rUUM.

250 347 366 378 PARS
383 347 452 379 ΙΙΙ·
489 344 676 392 ratione
715 361 855 394 arcus
894 348 992 395 BD
1013 349 1052 395 C
1095 349 1159 396 ad
1194 366 1358 397 arcum
1399 352 1559 409 ILK,
1596 351 1648 399 id
1682 359 1771 412 est,
1804 353 1857 406 in

259 392 446 460 L
490 419 736 482 duplicata
757 422 945 469 ratione
971 423 1010 470 B
1026 424 1065 470 E
1089 424 1150 471 ad
1176 426 1197 472 I
1219 426 1288 483 Μ,
1311 427 1405 474 hoc
1430 434 1518 484 est,
1542 427 1593 474 in
1616 410 1861 491 duplicata.

249 482 417 565 Ξξξξῖᾓζζξί
485 495 673 543 ratione
697 497 734 543 F
753 498 800 543 H
826 497 889 544 ad
912 498 958 544 N
976 499 1034 556 O,
1058 500 1145 547 fiat
1167 508 1222 547 ut
1246 502 1282 547 F
1301 502 1348 548 H
1370 502 1432 549 ad
1458 502 1556 549 ΝΟ
1583 502 1654 550 ita
1675 503 1772 551 ΝΟ
1795 504 1857 553 ad.

250 568 387 606 ⁵⁶⁰t⁰ri⁵2
402 570 458 601 &e.
484 570 643 629 aliam,
668 571 714 618 N
736 572 799 626 P;
839 579 887 619 et
915 589 1096 632 rursus,
1121 583 1178 621 ut
1218 576 1264 622 N
1280 577 1322 624 O
1346 577 1409 624 ad
1432 578 1478 624 N
1495 578 1546 635 P,
1576 577 1646 625 ita
1667 577 1714 625 N
1730 577 1767 626 P
1794 579 1858 629 ad
1902 582 1905 589 ⁴

483 645 644 703 aliam,
674 646 721 692 N
739 646 786 694 Q
807 664 818 692 z
855 646 1170 710 similiterque
1193 651 1278 697 fiat
1300 651 1352 698 in
1375 651 1598 700 omnibus
1617 652 1888 715 parallelis.

483 721 588 768 basi
608 722 644 768 F
659 722 723 779 H,
748 721 876 768 inter
898 722 1053 786 ipsam
1076 724 1215 771 basin
1241 732 1289 772 et
1306 726 1350 772 A
1372 727 1606 774 verticem
1627 726 1855 791 trianguli

484 797 660 855 AFH,
692 797 1017 859 possibilibus.
1086 800 1150 846 Et
1173 816 1260 862 per
1286 802 1449 848 omnia
1477 809 1659 864 puncta
1688 802 1736 852 Q
1768 803 1855 851 du-

485 878 622 923 catur
659 888 806 919 curva
842 873 886 919 A
906 873 953 921 Q
972 875 1019 920 H
1043 894 1053 928 ;
1091 874 1185 921 erit
1227 891 1343 938 ergo
1380 877 1537 939 figura
1571 877 1732 925 AFH
1751 877 1853 927 ΘΑ

484 947 895 1010 complementum
935 948 1117 996 trilinei
1155 966 1214 997 ex
1260 951 1432 998 mediis
1471 952 1657 1000 duabus
1696 952 1854 1015 primi,
1868 964 1877 965 ”

483 1022 747 1085 eademque
762 1032 1061 1071 momentum
1083 1026 1299 1073 omnium
1319 1027 1681 1089 superficierum
1700 1027 1852 1091 sphae-
1873 1038 1878 1039 ⁷

481 1098 706 1156 ricarum,
752 1114 810 1145 ex
849 1100 1022 1162 quibus
1065 1108 1225 1148 sector
1266 1101 1447 1149 solidus
1477 1103 1689 1150 ABCD
1723 1118 1854 1150 com·-

480 1173 678 1235 ponitur
700 1190 710 1227 ;
755 1181 806 1220 et
849 1174 1054 1236 proinde
1099 1183 1400 1222 momentum
1438 1176 1589 1239 ipsius
1635 1177 1866 1226 sectoris.-

482 1247 789 1310 Intelligatur
807 1249 909 1311 Jam
933 1250 1025 1296 FH
1052 1265 1157 1296 esse
1175 1250 1587 1299 semidiametrum
1599 1251 1728 1300 basis
1743 1252 1852 1302 coni
1894 1281 1897 1285 ·

480 1323 618 1381 recti,
658 1323 795 1385 cujus
838 1324 964 1371 latus
1001 1331 1075 1372 est
1115 1325 1160 1372 A
1176 1326 1241 1383 H,
1288 1326 1390 1373 axis
1430 1327 1541 1374 AF.
1611 1327 1889 1393 Quoniamsg

482 1413 598 1460 ergo
634 1399 774 1445 bases
812 1415 1046 1446 conorum
1078 1416 1166 1463 per
1200 1402 1237 1448 F
1272 1409 1321 1448 et
1357 1402 1405 1449 N
1447 1409 1496 1450 et
1535 1409 1711 1450 caetera
1750 1403 1851 1451 axis

480 1481 662 1536 puncta
701 1474 752 1520 in
788 1475 975 1522 ratione
1016 1475 1261 1538 duplicata
1297 1484 1410 1524 sunt
1447 1486 1692 1525 reotarum
1729 1477 1767 1524 F
1785 1478 1849 1536 H,

482 1549 528 1596 N
545 1549 603 1607 Ο,
629 1550 711 1596 &c.
736 1557 1037 1597 momentum
1059 1551 1249 1598 basium
1268 1552 1484 1598 omnium
1508 1552 1665 1608 simul,
1689 1551 1741 1599 id
1763 1559 1849 1611 est,
1867 1612 1885 1618 —

480 1625 631 1672 totius
656 1625 782 1683 coni,
811 1626 902 1672 erit
926 1626 1094 1673 eadem
1121 1627 1279 1689 figura
1310 1627 1354 1674 A
1369 1628 1406 1674 F
1425 1627 1472 1674 H
1491 1627 1538 1675 Q
1552 1627 1612 1675 A.
1681 1627 1849 1689 Itaque
1864 1637 1886 1645 ³

481 1708 703 1747 centrum
743 1700 1000 1762 aequilibrii
1041 1701 1151 1748 coni
1195 1700 1325 1747 ,idem
1370 1710 1445 1748 est
1481 1701 1614 1764 quod
1653 1701 1869 1750 sectoris

479 1775 635 1822 solidi.
706 1775 950 1823 Quoniam
975 1791 1091 1838 ergo
1107 1776 1195 1823 AG
1219 1784 1292 1823 est
1310 1784 1409 1823 tres
1430 1784 1615 1839 quartae
1633 1777 1736 1824 axis
1753 1767 1858 1834 AF,

480 1858 700 1897 centrum
741 1850 997 1913 aequilibrii
1033 1851 1144 1898 coni
1180 1851 1276 1897 AF
1296 1852 1344 1898 H
1387 1860 1462 1899 est
1497 1852 1549 1899 in
1586 1852 1655 1907 G;
1703 1867 1849 1914 quare
1866 1910 1877 1917 Μ

481 1932 701 1972 centrum
731 1926 878 1972 etiam
910 1927 1110 1973 sectoris
1141 1926 1282 1974 solidi
1318 1934 1392 1974 est
1425 1928 1476 1974 in
1506 1928 1563 1985 G,
1594 1935 1644 1974 et
1678 1927 1860 1975 dividit·

480 2001 583 2047 axis
606 2007 793 2063 partem
816 2001 861 2048 A
876 2001 926 2059 F,
951 2001 1021 2048 ita
1042 2010 1098 2049 ut
1120 2002 1214 2049 AG
1233 2002 1294 2048 sit
1319 2003 1464 2065 tripla
1487 2003 1586 2061 GF,
1611 2003 1663 2050 id
1682 2010 1770 2061 est,
1794 2009 1849 2051 ut
1862 2017 1877 2044 t

479 2075 550 2122 ita
586 2075 649 2122 sit
684 2075 786 2123 AG
821 2075 884 2122 ad
918 2076 1028 2134 AF,
1063 2084 1121 2123 ut
1161 2082 1190 2123 3
1214 2076 1278 2123 ad
1300 2082 1346 2124 4.
1417 2077 1564 2126 Quod
1597 2085 1702 2125 erat
1737 2093 1854 2140 pro-r

478 2151 709 2199 bandum.

545 2226 845 2285 Notandum,
879 2226 1010 2289 quod
1034 2227 1226 2289 quando
1264 2234 1423 2274 sector
1455 2234 1529 2275 est
1559 2227 1868 2291 hemisphae-‚

479 2301 621 2356 rium,
648 2301 751 2348 axis
775 2301 886 2348 coni
909 2302 1153 2348 evanescit
1176 2301 1228 2348 in
1252 2301 1410 2364 ipsum
1434 2310 1685 2365 punctum,
1718 2301 1846 2365 quod
1871 2364 1878 2367 „

479 2384 554 2423 est
576 2376 777 2438 sphaerae
805 2383 1053 2430 centrum3
1090 2383 1139 2422 et
1160 2376 1364 2438 proinde
1395 2377 1581 2425 semissi
1604 2377 1706 2425 axis
1734 2392 1847 2440 por·-
1871 2394 1885 2401 κ

480 2452 626 2499 tionis
648 2450 770 2498 nihil
793 2450 943 2498 addit.
1014 2451 1176 2498 Quare
1201 2451 1404 2513 sumptis
1427 2468 1457 2498 a
1480 2459 1663 2511 centro,
1687 2453 1738 2500 in
1755 2467 1845 2501 axe

478 2525 834 2588 haemisphaerii,
868 2526 1023 2572 tribus
1059 2525 1243 2587 quartis
1279 2526 1488 2573 semissis
1523 2527 1640 2585 axis,
1672 2526 1723 2574 id
1755 2533 1847 2584 est,

478 2602 506 2655 ἐ
531 2600 873 2648 semidiametri
897 2600 1113 2663 sphaerae,
1138 2599 1205 2646 ibi
1229 2600 1322 2647 erit
1347 2607 1567 2649 centrum
1589 2599 1842 2664 aequilibrii

477 2675 818 2739 hemisphaerii.
