1910 3256
420 239 521 281 396
948 253 1203 286 PHYSICA.

167 359 358 436 P‘¹R2{¹V·
485 360 622 408 Sicut
664 361 801 422 visio,
843 363 911 411 ita
956 371 1004 411 et
1049 364 1232 412 auditio
1279 382 1309 412 a
1352 373 1488 413 motu
1531 374 1799 429 generatur

175 450 363 475 »Ὓψ
416 436 579 494 medii,
626 437 711 485 sed
756 438 1067 487 dissimiliter.
1136 440 1269 487 Visio
1318 441 1447 488 enim
1483 457 1513 488 a
1547 441 1797 503 pressione

416 518 507 568 est,
531 511 583 558 id
606 520 693 571 est,
714 529 744 560 a
766 521 960 572 conatu,
994 515 1045 561 in
1077 531 1173 577 quo
1206 522 1387 562 conatu
1420 531 1520 563 non
1556 516 1613 563 fit
1642 517 1794 579 partis

415 586 563 633 medii
585 587 728 635 ullius
759 589 1032 651 progressio
1061 590 1417 652 perceptibilis3
1455 590 1542 638 sed
1563 607 1675 653 pars
1700 591 1799 639 ali-a

415 661 557 708 aliam
595 678 774 725 urgens
821 663 920 710 sive
965 663 1166 711 trudens
1211 665 1454 712 actionem
1490 665 1691 713 tandem
1727 667 1792 714 ad

416 737 683 799 quamlibet
736 738 1018 785 distantiam
1069 739 1337 786 successive
1382 748 1638 803 propagat.
1724 741 1792 789 At

414 813 563 860 medii
587 821 765 872 motus,
790 830 852 861 ex
876 830 972 877 quo
997 821 1189 861 creatur
1213 831 1374 872 sonus,
1404 815 1654 878 percussio
1690 823 1792 871 est3

413 889 542 936 auris
588 890 717 937 enim
761 897 1062 953 tympanum,
1110 890 1243 952 quod
1282 906 1519 953 organum
1560 890 1792 939 audiendi

411 964 623 1026 primum
668 972 756 1023 est,
802 965 852 1012 in
893 965 1142 1012 auditione
1185 965 1470 1028 percutitur.
1547 965 1792 1014 Concusso

411 1048 643 1105 tympano
683 1043 963 1090 concutitur
1008 1043 1154 1090 etiam
1198 1043 1397 1090 meninx
1437 1051 1619 1102 tenera,
1657 1050 1706 1091 et
1739 1044 1791 1092 in

412 1117 567 1180 ipsam
589 1118 783 1166 insertae
806 1118 1012 1176 arteriae,
1039 1125 1088 1165 et
1112 1118 1179 1165 sic
1203 1126 1474 1181 propagata
1504 1119 1694 1175 actione
1727 1119 1791 1167 ad

412 1192 573 1255 ipsum
596 1209 694 1251 cor,
719 1210 749 1240 a
772 1193 1017 1240 reactione
1042 1192 1203 1240 cordis
1232 1193 1290 1239 fit
1316 1192 1623 1255 phantasma,
1646 1208 1791 1256 quem

413 1283 587 1315 sonum
611 1268 830 1327 dicimus,
852 1277 902 1316 et
927 1276 1187 1331 propterea
1219 1267 1351 1331 quod
1385 1268 1567 1316 reactio
1602 1276 1791 1317 extror-

414 1359 521 1390 sum
544 1344 717 1402 tendit,
740 1351 969 1407 putamus
995 1359 1100 1391 esse
1125 1350 1276 1390 extra.

183 1419 395 1495 Ξζὲξυέἐῖεὲ
478 1425 525 1467 2.
564 1419 809 1468 Quoniam
832 1427 994 1467 autem
1019 1436 1121 1467 non
1142 1418 1287 1466 modo
1306 1426 1465 1466 motus
1483 1426 1620 1467 motu
1638 1419 1791 1482 majo-

412 1510 516 1541 rem
544 1494 771 1557 producit
801 1495 1028 1542 effectum
1060 1494 1214 1557 magis
1237 1493 1390 1545 ,velox
1423 1494 1583 1542 minus
1616 1494 1790 1554 veloci,

412 1570 498 1617 sed
529 1570 675 1617 etiam
708 1569 878 1617 eadem
911 1569 1171 1617 velocitate
1205 1569 1362 1631 majus
1396 1585 1570 1632 corpus
1604 1569 1791 1617 minore

412 1661 632 1708 corpore,
655 1653 865 1708 utroque
887 1645 1033 1692 modo
1057 1646 1213 1708 major
1236 1645 1471 1693 efficietur
1493 1661 1656 1693 sonus.
1725 1646 1791 1694 Et

412 1721 527 1782 quia
566 1736 725 1783 neque
761 1720 812 1768 in
857 1719 1194 1783 magnitudine
1239 1735 1399 1781 neque
1443 1719 1494 1767 in
1530 1719 1790 1768 velocitate

412 1795 558 1842 datur
579 1795 833 1842 minimum
856 1802 941 1842 aut
963 1794 1242 1852 maximum,
1274 1794 1380 1840 fieri
1406 1800 1570 1856 potest
1597 1802 1703 1842 tum
1732 1803 1789 1843 ut

410 1878 573 1918 motus
604 1871 675 1918 ita
708 1870 911 1933 exiguus
936 1870 1012 1929 sit,
1044 1869 1122 1916 vel
1155 1876 1256 1916 tam
1279 1869 1441 1932 exigui
1466 1870 1696 1933 corporis,
1730 1879 1788 1918 ut

409 1946 598 1994 nullum
630 1946 807 1995 efficiat
841 1961 1030 2003 sonum,
1070 1952 1176 1992 tum
1208 1951 1264 1992 ut
1297 1944 1368 1991 ita
1395 1960 1599 2007 magnus
1636 1945 1699 1992 sit
1731 1953 1787 1993 ut

409 2022 680 2069 sensorium
701 2020 884 2068 laedens
909 2014 1148 2068 sentiendi
1170 2019 1451 2067 facultatem
1473 2019 1626 2067 tollat.

475 2097 729 2160 Apparent
769 2095 883 2143 inde
926 2095 1056 2142 circa
1092 2110 1322 2142 sonorum
1357 2093 1693 2141 fortitudinem
1737 2102 1787 2142 et

408 2172 709 2219 debilitatem
733 2186 889 2218 causae
916 2169 1167 2233 possibiles
1198 2169 1557 2231 phaenomenffin
1581 2185 1783 2232 sequen-

406 2250 545 2296 tium.
622 2249 845 2297 Quorum
890 2247 1099 2310 primum
1153 2253 1242 2304 est,
1291 2244 1423 2308 quod
1467 2246 1508 2292 si
1553 2246 1659 2309 quis
1699 2261 1787 2309 per

405 2325 579 2371 tubum
592 2324 834 2386 loquatur,
855 2324 991 2386 cujus
1004 2326 1104 2369 una
1125 2321 1405 2368 extremitas
1424 2321 1497 2368 ori
1515 2337 1617 2380 suo,
1633 2321 1786 2369 altera

403 2399 650 2447 audientis
691 2398 796 2446 auri
842 2397 1127 2460 applicetur,
1174 2395 1348 2444 fortior
1391 2396 1592 2444 accedet
1636 2413 1783 2445 sonus

403 2490 550 2537 quam
571 2489 659 2536 per
681 2481 902 2536 apertum
926 2488 1102 2519 aerem.
1173 2471 1321 2534 Cujus
1346 2487 1492 2519 causa
1517 2488 1616 2519 non
1638 2472 1783 2520 modo

400 2550 664 2614 possibilis,
698 2548 785 2597 sed
807 2549 955 2596 etiam
990 2554 1123 2595 certa
1150 2555 1200 2594 et
1234 2546 1491 2594 manifesta
1525 2553 1614 2606 est,
1651 2547 1784 2610 quod

403 2641 488 2672 aer
510 2625 571 2672 ab
595 2624 756 2672 efflato
778 2623 934 2670 halitu
953 2622 1112 2686 primo
1133 2628 1404 2668 commotus
1429 2629 1478 2669 et
1499 2638 1588 2685 per
1608 2622 1780 2669 tubum

396 2701 592 2747 delatus
629 2714 729 2746 non
764 2697 1066 2756 diffunditur,
1095 2704 1151 2744 ut
1182 2696 1233 2743 in
1261 2703 1430 2758 aperto
1463 2713 1590 2756 aere,
1623 2704 1673 2745 et
1694 2712 1782 2760 per

404 2790 703 2838 consequens
721 2774 783 2821 ad
802 2789 969 2821 aurem
988 2772 1187 2836 appellit
1202 2772 1371 2819 eadem
1389 2771 1492 2819 fere
1505 2771 1779 2829 velocitate,

402 2866 500 2913 qua
523 2849 872 2912 exspirabatur.
942 2848 1008 2895 At
1030 2847 1081 2894 in
1104 2862 1215 2894 aere
1243 2853 1412 2910 aperto
1436 2847 1579 2895 aliter
1598 2847 1671 2905 fit,
1692 2845 1782 2896 ubi
