1936 3262
625 615 691 669 T.
734 596 1047 671 HOBBES

417 773 1257 831 MALMESBURIENSIS

662 938 724 1001 V
758 938 795 1001 I
830 939 888 1002 T
920 938 1019 1016 A,-

565 1123 720 1146 SCRIPTA
748 1124 850 1147 ANNo
884 1125 1085 1149 MDCLxxu.

216 1384 374 1431 NA'rus
393 1396 484 1430 erat
503 1396 644 1430 noster
663 1396 849 1432 servator
870 1388 1153 1434 Homo-Deus
1172 1403 1305 1431 annos

269 1477 392 1521 Mille
406 1488 450 1521 et
468 1478 732 1536 quingentos,
754 1488 848 1522 octo
868 1450 1037 1537 qucque
1057 1479 1265 1522 undecies.

215 1569 364 1613 Stabat
383 1578 427 1612 et
447 1569 647 1627 Hispanis
666 1570 711 1612 in
731 1570 936 1627 portubus
955 1569 1112 1628 inclyta
1131 1570 1268 1614 classis

268 1659 459 1712 Hostilia,
480 1670 624 1704 nostro
643 1675 744 1704 mox
762 1660 950 1718 peritura
969 1661 1101 1704 mari:

213 1751 359 1795 Primo
377 1766 475 1795 vere
485 1769 498 1812 ᾗ
528 1752 617 1795 dies
636 1762 680 1795 et
701 1752 873 1810 quintus
893 1752 1028 1795 inibat
1050 1752 1232 1810 Aprilis:

265 1841 348 1886 Illo
365 1842 617 1886 vermiculus
638 1852 827 1900 tempore
846 1858 994 1886 nascor
1012 1858 1105 1901 ego,

204 1933 293 1989 'ln†
313 1933 639 1987 Malmesburia;
661 1934 869 1992 baptisma
887 1950 913 1977 a
930 1944 1051 1992 patre
1071 1935 1262 1979 ministro

264 2025 436 2083 Accepi,
458 2035 502 2068 et
519 2039 675 2068 nomen
695 2025 754 2067 mi
774 2024 891 2068 dedit
907 2025 979 2068 ille
998 2041 1134 2070 suum.

207 2114 471 2174 Oppidulum
489 2131 666 2174 parvum
685 2125 760 2168 est,
777 2116 926 2159 habuit
946 2117 1018 2159 sed
1040 2117 1173 2160 multa
1191 2117 1327 2160 relatu

263 2207 422 2266 Digna,
442 2217 570 2266 atque
590 2208 817 2265 imprimis2t
836 2208 1078 2251 coenobium
1098 2208 1289 2265 celebres

165 2314 169 2315 ⁷
207 2297 266 2342 Et
285 2308 482 2351 castrum,
502 2297 652 2341 melius
671 2298 751 2341 nisi
769 2298 854 2340 sint
873 2298 958 2341 duo
978 2308 1112 2342 castra
1131 2299 1329 2351 vocanda,

262 2389 383 2434 Colle
401 2391 492 2442 sita,
513 2401 557 2434 et
575 2391 676 2434 bino
694 2391 869 2434 flumine
888 2391 1026 2434 cincta
1044 2391 1143 2434 fere.

206 2465 445 2526 Concilium
464 2482 586 2540 regni
604 2482 715 2525 binis
733 2482 1015 2540 burgensibus
1034 2491 1188 2541 auget3

261 2571 391 2616 Nunc
409 2588 578 2632 quoque
597 2573 756 2631 priscus
775 2572 910 2616 honor
930 2583 1150 2631 permanet
1169 2573 1240 2616 ille
1255 2573 1348 2617 loci.

205 2663 291 2707 Hic
310 2665 380 2720 εἰῇ
401 2663 641 2707 Athelstani
660 2664 902 2708 conduntur
921 2665 1202 2717 nobiliscssa,

262 2755 408 2813 Atque
427 2770 552 2814 super
571 2756 782 2800 tumulum
802 2772 950 2800 saxeus
970 2757 1058 2814 ipse
1072 2757 1198 2813 jacet.

51 2884 59 2894 ‘
129 2882 151 2920 ἢ
173 2880 256 2912 Vide
271 2881 428 2913 camdeni
445 2881 656 2915 Britanniam.
703 2885 720 2923 Σ
744 2883 826 2915 Vide
843 2883 886 2916 G.
897 2882 1047 2924 Dugdale
1058 2882 1200 2915 Μοιιαει.
1218 2882 1310 2924 Auyl.
1325 2881 1386 2914 vol.
1402 2882 1425 2914 i.
1441 2892 1472 2924 p.
1488 2883 1541 2915 49.

43 2974 47 2982 ,
107 2945 110 2948 ”
173 2942 190 2981 5
214 2941 296 2974 Vide
312 2941 350 2974 de
366 2952 403 2974 eo
419 2941 510 2975 Guil.
527 2941 861 2984 Malmesburiensem,
885 2950 918 2976 et
934 2944 1051 2976 Mattb.
1072 2942 1454 2975 westmonasteriensem.
