1910 3256
632 274 702 306 DE
732 273 1063 306 GRAVITATE.
1442 266 1537 308 419

143 390 148 396 '
214 383 391 431 Coroll.
418 384 737 432 Manifestum
754 385 901 432 etiam
917 393 1005 444 θεῖ,
1031 401 1208 448 aquam
1224 386 1275 433 in
1290 402 1418 449 aqua
1435 402 1535 434 non
1595 393 1712 449 PARS
1731 394 1788 427 IV·

143 459 405 522 gravitate,
461 468 725 523 propterea
770 460 902 523 quod
957 469 1121 524 partes
1167 478 1307 524 aquae
1362 462 1537 525 aequali
1602 439 1767 507 ᾧ
1816 461 1824 479 “

142 543 326 583 conatu
371 534 435 583 ad
468 535 677 582 fundum
716 552 817 583 una
853 544 1095 584 conantur
1136 553 1320 596 omnes,
1363 545 1413 587 et
1448 554 1536 602 per

141 610 339 659 easdem
362 618 522 659 rectas
546 612 819 674 superiores
843 620 892 660 et
914 612 1184 661 inferiores.

208 689 255 742 7.
294 686 346 735 Si
382 702 560 750 corpus
606 687 859 750 quodlibet
902 704 1044 750 aquae
1091 689 1296 747 innatet,
1342 689 1533 751 pondus
1554 698 1677 740 Corpus
1693 699 1727 730 in

139 763 244 826 ejus
259 762 468 826 ponderi
483 763 671 825 aequale
696 771 770 811 est
788 764 928 812 molis
947 781 1087 828 aquae
1105 771 1272 823 tantae,
1299 772 1532 827 quantam
1550 749 1791 826 Ξᾞζῗρῖῗὲἓῖηι

1549 839 1640 869 aquae
1657 836 1764 867 tantae‚

137 838 270 902 capit
298 837 451 897 locus,
491 854 636 901 quem
678 847 887 903 occupat
920 840 1134 888 natantis
1170 839 1388 903 corporis
1418 855 1530 903 pars
1549 879 1676 912 quamae
1692 884 1792 914 capax

136 929 278 978 aquae
300 913 543 962 immersa.
1548 921 1597 946 est
1618 917 1756 957 spatium
1772 928 1790 948 a

1515 989 1524 998 ‚
1547 965 1635 999 parte
1647 960 1799 991 immersa

203 989 279 1038 Sit
315 989 447 1038 enim
491 990 563 1052 (in
607 990 766 1053 figura
801 990 966 1051 tertia)
1011 990 1056 1038 A
1072 991 1112 1038 B
1129 991 1168 1039 C
1183 991 1227 1039 D
1264 1006 1406 1054 aqua,
1450 1006 1529 1037 cul
1548 1009 1749 1044 occupatum.

23 1039 24 1042 Ἰ
88 1097 92 1102 -
134 1065 324 1115 innatet
365 1082 541 1130 corpus
579 1067 618 1113 E
641 1067 692 1113 F.
777 1067 840 1114 Et
874 1083 987 1130 pars
1035 1067 1232 1130 quidem
1279 1067 1442 1129 aliqua
1487 1065 1527 1112 E

85 2698 87 2701 .
123 2658 452 2722 tulaecunque.

133 1157 282 1205 supra
319 1157 498 1206 aquam
536 1142 763 1200 emineat,
804 1142 994 1205 reliqua
1029 1150 1194 1190 autem
1234 1158 1347 1206 pars
1388 1142 1426 1189 F
1465 1141 1528 1189 sit

133 1218 400 1266 submersa.
450 1218 574 1266 Dico
597 1217 788 1281 pondus
811 1218 963 1265 totius
987 1218 1206 1281 corporis
1225 1219 1264 1266 E
1281 1218 1318 1265 F
1342 1216 1527 1280 aequale

131 1309 237 1344 esse
253 1293 465 1358 ponderi
484 1300 636 1342 tantae
660 1309 815 1356 aquae,
836 1300 1071 1356 quantam
1094 1294 1227 1357 capit
1245 1293 1456 1357 spatium
1472 1293 1524 1340 F.

134 1369 388 1419 Quoniam
406 1369 537 1417 enim
559 1370 616 1416 fit
638 1385 668 1417 a
689 1368 906 1432 pondere
931 1370 1150 1432 corporis
1173 1371 1213 1417 E
1229 1370 1282 1428 F,
1306 1376 1363 1417 ut
1397 1385 1525 1432 aqua

130 1446 298 1494 exiens
320 1462 348 1493 e
372 1446 528 1509 spatio
555 1446 591 1492 F
614 1445 883 1494 collocetur
914 1461 1059 1508 super
1083 1462 1259 1509 aquam
1284 1461 1523 1493 summam

129 1521 182 1570 in
215 1522 259 1570 A
275 1522 332 1581 B,
370 1529 517 1585 atque
552 1522 620 1569 ibi
661 1522 901 1569 collocata
947 1521 1176 1569 deorsum
1215 1529 1420 1585 premat,
1464 1537 1524 1568 ex

129 1613 227 1661 quo
263 1598 486 1661 sequitur
519 1613 608 1660 per
639 1597 966 1645 resistentiam
996 1597 1138 1645 fundi
1171 1605 1375 1646 conatus
1418 1613 1524 1644 sur-

128 1689 236 1721 sum
257 1695 270 1729 ;
321 1681 371 1722 et
411 1674 526 1737 quia
562 1689 744 1732 rursus,
792 1675 853 1721 ab
900 1690 1040 1736 aquae
1086 1681 1267 1722 conatu
1312 1689 1521 1731 sursum,

129 1749 349 1798 elevatur
393 1765 571 1812 corpus
615 1750 656 1796 E
682 1749 733 1807 F,
787 1750 828 1797 si
881 1757 1087 1797 conatus
1145 1749 1364 1812 corporis
1420 1750 1460 1796 E
1486 1750 1524 1797 F

129 1824 358 1873 deorsum
381 1833 432 1873 θῖ
450 1832 654 1873 conatus
673 1841 814 1888 aquae
833 1841 1026 1872 sursum
1049 1842 1151 1873 non
1175 1825 1274 1872 sint
1297 1825 1522 1888 aequales,

128 1916 306 1964 corpus
336 1901 377 1948 E
393 1901 430 1948 F
461 1907 548 1948 aut
583 1900 849 1949 descendet
880 1900 944 1948 ad
979 1900 1204 1960 fundum,
1246 1901 1325 1948 vel
1363 1908 1523 1949 totum

128 1977 224 2025 erit
246 1984 387 2024 extra
409 1992 615 2039 aquam;
651 1984 912 2040 propterea
936 1977 1070 2040 quod
1104 1984 1309 2025 conatus
1335 1993 1520 2037 eorum,

127 2051 181 2107 id
203 2061 294 2112 est,
311 2059 562 2100 momenta
583 2069 683 2100 non
707 2061 822 2101 sunt
845 2053 1067 2115 aequalia.
1113 2053 1211 2100 Sed
1229 2053 1522 2116 supponitur

127 2135 258 2177 stare
279 2128 320 2176 E
339 2127 393 2186 F,
417 2127 488 2175 ita
509 2135 567 2176 ut
603 2144 763 2190 neque
787 2129 1022 2176 ascendat
1055 2145 1215 2192 neque
1240 2128 1518 2177 descendat.

128 2205 274 2253 Stant
307 2220 426 2267 ergo
461 2203 514 2252 in
537 2204 827 2268 aequilibrio,
864 2204 916 2252 id
942 2211 1030 2262 est,
1065 2203 1260 2267 pondus
1301 2205 1519 2267 corporis

126 2281 168 2329 E
183 2280 222 2328 F
244 2280 432 2344 aequale
455 2287 530 2328 est
551 2279 758 2344 ponderi
782 2296 938 2343 aquae,
975 2296 1122 2344 quam
1147 2280 1279 2344 capit
1307 2281 1519 2344 spatium

126 2356 194 2404 F:
231 2355 366 2420 quod
389 2362 496 2403 erat
519 2355 844 2419 probandum.

191 2436 239 2480 8.
277 2430 511 2493 Sequitur
529 2430 644 2478 hinc
666 2430 775 2478 fieri
796 2446 956 2493 posse,
979 2438 1035 2477 ut
1053 2445 1230 2493 corpus
1250 2431 1518 2493 quantaevis
1533 2439 1745 2517 gssfeztagfflet

123 2506 492 2572 magnitudinis,
548 2506 695 2554 modo
742 2522 803 2553 ex
860 2505 1067 2553 materia
1121 2513 1312 2554 constet
1356 2506 1517 2555 minus
1535 2528 1620 2568 poris
1651 2540 1734 2570 aqua

1534 2570 1660 2603 levioris
1676 2584 1732 2604 na-

123 2583 263 2647 gravi
291 2599 438 2646 quam
469 2590 546 2631 θεῖ
576 2598 719 2645 aqua,
757 2598 899 2645 aquae
930 2588 1096 2629 tamen
1136 2581 1327 2629 innatet
1364 2598 1517 2645 quan—
1534 2615 1613 2646 tabit
1628 2616 1660 2647 ὴ,
1678 2627 1777 2658 ΨΜ,

1534 2658 1623 2690 titate
1642 2670 1733 2701 aquae

1533 2707 1706 2742 quantum-

193 2734 421 2783 Sit‘enim
458 2733 531 2796 (in
562 2734 723 2797 figura
760 2733 954 2796 quarta)
996 2749 1080 2780 vas
1111 2733 1156 2780 A
1172 2734 1212 2781 B
1228 2733 1267 2781 C
1283 2734 1343 2792 D,
1382 2742 1431 2782 et
1462 2735 1514 2784 in
1533 2745 1611 2778 libet
1629 2747 1757 2788 exigua·

124 2827 184 2859 θο
215 2826 392 2875 corpus
415 2811 456 2858 E
472 2810 566 2858 FG
581 2810 648 2868 H,
674 2826 732 2857 ex
768 2809 976 2857 materia
1005 2809 1166 2856 minus
1197 2810 1336 2873 gravi
1368 2827 1514 2873 quam

124 2893 200 2936 est
221 2902 362 2950 aqua.
418 2886 642 2950 Spatium
666 2893 830 2934 autem
853 2887 898 2933 A
912 2885 955 2934 G
972 2885 1011 2933 C
1027 2885 1063 2933 F
1086 2901 1214 2949 aqua
1237 2886 1512 2949 impleatur.

1239 2977 1270 3009 Ε
1290 2977 1321 3009 Ε
1348 2969 1377 3011 2
