1910 3256
419 280 490 313 DE
518 280 735 314 cmm-Ro
760 280 1111 320 AEQUILIBRII.
1372 270 1467 313 299

75 398 299 446 „meatur
321 390 478 440 donec
502 398 732 439 occurrat
753 400 902 440 rectae
926 390 1021 440 FG
1040 388 1094 440 in
1120 390 1169 438 S.
1238 391 1328 438 Est
1350 406 1468 454 ergo
1508 394 1622 427 PARS
1636 392 1707 425 111·

131 467 203 516 *M
238 465 303 516 ad
340 467 446 515 Ms
485 473 594 515 ut4
621 467 754 526 ad1,
785 467 837 516 id
860 474 950 526 est,
982 474 1040 514 ut
1061 467 1222 530 figura
1252 465 1469 513 ABCD
1517 439 1706 507 L

73 533 97 603 [ξ
117 566 139 587 v·
181 542 595 606 complementum
626 559 766 590 suum
802 543 842 591 B
860 543 899 591 C
913 543 957 591 D
972 543 1028 591 E.
1096 541 1269 590 Totius
1305 549 1471 589 autem
1510 532 1680 615 ἓξ“ξξ3,ᾞ

148 619 248 668 ΒΕ
265 619 310 667 D
357 627 583 667 centrum
629 627 704 667 est
751 619 822 667 M
897 619 1010 667 Jam
1051 618 1167 683 quia
1222 616 1471 664 distantiae
1511 628 1663 657 ⁵⁵⁵⁵⁵⁵⁵⁵
1680 617 1738 648 &0-

139 702 208 743 et
231 694 265 743 S
295 709 327 742 a
351 701 523 743 centro
547 694 603 742 M
627 702 742 742 sunt
770 695 822 742 in
849 694 1103 758 reciproca
1124 693 1318 742 ratione
1352 708 1474 756 pon-

74 766 222 825 fieris
278 769 628 841 complementi
679 771 720 818 B
736 770 775 818 C
789 770 833 818 D
847 771 888 818 E
945 770 1009 819 ad
1063 769 1258 834 pondus
1301 769 1475 832 figulae

75 846 196 899 AB
211 845 251 894 C
268 845 330 905 D,
377 853 523 894 erunt
569 846 615 893 R
659 853 710 894 et
756 846 788 894 S
841 846 949 910 ipsa
994 853 1166 894 centra
1216 843 1476 907 aequilibrii

85 922 359 987 figurarum
389 937 604 981 suarum,
642 922 720 970 vel
758 929 904 970 erunt
946 929 1117 970 centra
1151 921 1237 969 illa
1280 920 1333 968 in
1367 919 1475 967 aliis

72 997 292 1064 :punctis
333 997 687 1046 diametrorum
734 998 994 1062 aequilibrii
1035 998 1084 1046 H
1100 997 1140 1057 Ι,
1186 998 1224 1045 F
1237 996 1295 1045 G.
1379 995 1478 1043 Sed

67 1066 334 1141 [posterius
368 1081 445 1122 est
471 1074 787 1138 impossibile.
857 1074 987 1122 Nam
1021 1090 1112 1138 per
1149 1079 1389 1138 punctum
1420 1071 1476 1118 M

67 1146 188 1200 Ῑ1ὶία
224 1156 363 1198 recta
402 1149 669 1198 terminata
704 1149 756 1197 in
788 1150 937 1198 rectis
968 1150 1017 1198 H
1035 1150 1073 1208 Ι,
1099 1150 1137 1197 F
1151 1149 1194 1198 G
1228 1148 1341 1196 duci
1374 1163 1477 1195 non

76 1221 257 1292 *potest
279 1225 332 1274 in
354 1225 548 1290 ratione
581 1226 636 1273 M
653 1225 699 1273 R
717 1225 782 1273 ad
817 1226 872 1274 M
889 1226 938 1285 S,
962 1226 1058 1274 hoc
1082 1233 1172 1285 est,
1207 1225 1260 1272 in
1283 1223 1477 1272 ratione

59 1301 264 1366 Ἠςιιτω
293 1301 395 1349 ΑΒ
411 1301 450 1350 C
469 1301 514 1349 D
549 1300 614 1349 ad
642 1317 783 1349 suum
808 1301 1220 1365 complementum
1250 1300 1475 1348 BCDE.

74 1394 82 1407 ¹·
93 1377 332 1427 Centrum
376 1392 496 1440 ergo
537 1376 803 1440 aequilibrii
847 1378 1020 1441 figurae
1065 1378 1110 1425 A
1125 1378 1166 1425 B
1183 1377 1221 1425 C
1236 1377 1280 1425 D
1317 1383 1392 1424 est
1426 1376 1477 1423 in

62 1462 73 1523 ‘J
92 1461 278 1520 puncto
313 1453 362 1501 S.
435 1452 683 1502 Quoniam
711 1460 877 1501 autem
908 1460 996 1512 est,
1033 1460 1091 1501 ut
1127 1453 1173 1501 R
1191 1453 1229 1500 P
1265 1452 1329 1500 ad
1372 1452 1417 1499 R
1432 1451 1481 1500 Q.

71 1529 166 1580 “ita
197 1530 305 1578 PM
334 1529 400 1578 ad
431 1529 544 1588 QS,
576 1529 671 1577 erit
695 1529 744 1578 Q,
759 1530 792 1577 S
821 1529 1037 1593 partium
1061 1535 1106 1589 5,
1133 1545 1339 1593 quarum
1372 1527 1479 1575 PM

13 1642 14 1645 =
95 1613 172 1655 est
194 1611 243 1665 4,
278 1605 331 1653 id
366 1612 457 1665 est,
484 1621 690 1668 quarum
725 1605 815 1653 IN
841 1613 916 1654 est
940 1611 985 1653 4.
1059 1606 1281 1655 Quarum
1314 1610 1482 1651 autem

12 1719 15 1722 .
60 1671 308 1749 spartium
341 1681 440 1729 ΕΒ
473 1681 575 1729 sive
611 1681 706 1729 FG
742 1687 818 1728 est
840 1686 887 1739 6,
913 1697 1081 1746 earum
1113 1681 1136 1728 Ι
1156 1680 1203 1728 N
1235 1680 1336 1728 sive
1373 1678 1480 1726 PM

15 1759 19 1815 ὲ
74 1765 173 1809 est
195 1764 243 1807 2.
313 1756 367 1805 Si
394 1756 547 1821 igitur
568 1757 657 1804 fiat
683 1763 740 1804 ut
764 1762 794 1804 4
827 1756 891 1804 ad
916 1762 961 1816 5,
994 1756 1067 1804 ita
1095 1763 1125 1804 2
1150 1755 1215 1804 ad
1238 1762 1480 1819 quartam,

16 1883 17 1893 2
97 1834 193 1884 erit
224 1833 310 1882 illa
332 1839 508 1898 quarta
541 1833 621 1896 2}-
691 1833 865 1896 Itaque
901 1848 1110 1896 quarum
1137 1832 1353 1896 partium
1387 1831 1425 1878 F
1439 1831 1483 1879 G

98 1917 176 1960 est
197 1915 245 1970 6,
283 1925 451 1958 earum
476 1909 525 1959 Q
540 1909 574 1956 S
598 1916 674 1957 est
696 1908 778 1972 2}-
849 1908 948 1957 Sed
984 1909 1022 1956 F
1037 1909 1086 1958 Q
1109 1916 1186 1957 est
1211 1924 1326 1967 una,
1363 1923 1482 1970 ergo

18 2011 20 2014 ·
100 1986 187 2036 FS
227 1993 304 2034 est
328 1985 408 2050 Βὲ.
483 1985 693 2049 Reliqua
731 1985 883 2048 igitur
913 1985 956 2033 G
975 1985 1008 2033 S
1043 1992 1120 2033 est
1150 1984 1366 2048 partium
1401 1983 1481 2046 23.

70 2091 73 2095 ·
99 2062 349 2113 Dividitur
371 2077 490 2126 ergo
525 2061 564 2109 F
577 2061 620 2109 G
651 2061 704 2109 in
729 2061 779 2120 S,
811 2060 884 2108 ita
918 2068 977 2109 ut
1007 2076 1121 2125 pars
1151 2061 1214 2109 ad
1246 2077 1387 2108 axem
1421 2058 1486 2108 sit

60 2182 63 2186 .
94 2138 166 2188 >ad
186 2146 380 2203 partem
401 2137 656 2201 reliquam,
679 2145 737 2186 ut
760 2137 823 2200 2}
849 2137 914 2185 ad
933 2138 1014 2201 35⁴,
1038 2138 1091 2185 id
1110 2145 1199 2197 est,
1223 2146 1281 2186 ut
1305 2143 1332 2186 5
1354 2137 1418 2185 ad
1435 2140 1484 2196 7,

23 2259 25 2262 ,
62 2245 63 2248 =
101 2214 155 2264 id
195 2213 330 2279 quod
364 2213 630 2277 respondet
664 2228 870 2261 numero
906 2217 935 2264 a?
970 2213 1022 2262 in
1061 2213 1233 2262 ordine
1268 2213 1486 2261 secundo

14 2306 21 2337 ὲ
46 2291 75 2353 ff·
100 2290 322 2356 proxime
336 2288 569 2337 inferiore
577 2304 723 2352 quam
738 2296 813 2336 est
825 2288 972 2352 primi
987 2289 1172 2337 ordinis
1186 2305 1418 2338 numerus
1433 2297 1485 2348 ᾗ

15 2360 19 2376 ³
66 2365 70 2368 ’
104 2366 350 2430 ductaque
375 2365 457 2413 ST
480 2364 561 2412 axi
579 2363 826 2428 parallela‚
845 2363 1068 2412 similiter
1091 2364 1326 2412 dividitur
1341 2365 1486 2413 basis.

13 2446 27 2509 ᾗ·
55 2470 89 2508 ”J
168 2439 355 2491 Eadem
382 2440 617 2489 methodo
647 2440 898 2488 invenitur
925 2441 1066 2488 basin
1096 2440 1488 2504 semi-parabolae

15 2532 20 2537 ”
59 2522 64 2550 ⁷
106 2518 258 2568 dividi
285 2519 338 2567 in
363 2524 393 2566 3
419 2524 470 2566 et
495 2523 540 2566 5.
608 2517 672 2564 Et
694 2516 879 2565 trilinei
908 2533 969 2564 ex
996 2516 1125 2565 binis
1145 2517 1318 2565 mediis
1342 2517 1490 2581 primi

59 2588 65 2642 ἷ.
90 2594 159 2663 [in
192 2601 223 2643 4
261 2602 313 2643 et
346 2599 395 2653 6,
434 2600 486 2642 et
518 2592 702 2642 trilinei
736 2609 797 2641 ex
820 2601 1033 2656 quatuor
1055 2593 1229 2642 mediis
1258 2594 1403 2657 primi
1436 2593 1489 2641 in

13 2670 35 2714 ἱ
52 2665 72 2718 f
107 2675 139 2719 6
162 2677 214 2720 et
238 2675 284 2719 8.
354 2670 527 2732 Itaque
555 2668 822 2717 fractiones
856 2668 1041 2717 ordinis
1076 2669 1280 2718 secundi
1313 2677 1492 2718 notant

108 2746 339 2806 rationes,
373 2745 428 2793 in
451 2761 572 2809 quas
603 2744 744 2793 bases
767 2746 1037 2808 figurarum
1061 2745 1246 2793 ordinis
1280 2746 1426 2810 primi
1460 2762 1492 2794 a

16 2825 27 2848 ’·
59 2839 81 2887 ᾖ
111 2821 361 2872 diametris
399 2821 659 2885 aequilibrii
699 2821 1001 2881 dividuntur,
1033 2822 1120 2870 sed
1151 2822 1273 2872 ordo
1303 2823 1490 2887 primus

16 2910 22 2969 j
42 2891 81 2922 ’9
110 2898 286 2964 incipit
306 2914 406 2947 uno
428 2897 539 2947 loco
563 2897 710 2947 altius
730 2914 878 2962 quam
903 2899 1160 2948 secundus.
