1910 3256
483 237 577 289 370
1044 253 1293 286 ansmA.

236 362 352 438 FAx-S
370 363 428 395 lV-
482 369 733 423 quantum.
803 362 960 410 Causa
995 378 1111 426 ergo
1146 364 1288 427 hujus
1322 364 1630 427 phaenomeni
1663 366 1858 416 reddita.
1886 352 1902 407 ἦ

235 453 413 476 »ῆ-κ
483 443 556 484 est
578 437 837 499 possibilis.

201 514 342 589 {³3⁹}ssae
549 516 594 558 8.
631 511 840 560 Materia
886 514 1158 575 composita
1202 531 1261 561 ex
1302 515 1599 578 corpusculis
1641 515 1776 564 duris
1814 517 1856 565 si
1899 555 1905 559 η

201 581 360 637 scintillae,
481 585 716 648 ignescat,
762 603 959 634 necesse
1012 595 1102 645 est,
1144 597 1199 635 ut
1244 605 1303 636 ex
1342 589 1544 652 singulis
1597 590 1856 638 confertim

201 644 448 685 ⁰⁰¹¹¹q¹¹²²²¹⁰¹¹¹⁵’
482 661 787 709 evolantibus
811 662 997 710 oriatur
1032 664 1187 726 major
1210 664 1427 712 minorve
1449 665 1659 712 flamma.
1730 665 1857 713 Nam
1895 652 1901 666 ’

483 737 524 784 si
546 753 646 784 una
668 737 829 785 evolat
847 753 960 800 pars
979 738 1191 786 aetherea
1207 739 1284 786 vel
1301 739 1465 798 fluida,
1490 747 1653 787 motus
1681 755 1859 788 exeun-

482 811 606 858 tium
641 812 727 858 fiet
763 811 992 870 velocior,
1029 820 1086 859 ut
1108 813 1166 859 fit
1202 813 1253 859 in
1290 813 1434 876 lignis
1471 814 1760 877 caeterisque
1785 814 1858 861 in-
1909 844 1910 858 ¹

482 886 855 933 flammabilibus
878 895 1087 934 exeunte
1110 903 1209 934 una
1230 895 1395 935 vento.
1467 889 1714 936 Exeuntes
1742 905 1858 951 ergo
1909 892 1910 926 ἓ

482 961 736 1024 particulae
761 961 979 1009 duriores
1019 962 1354 1010 vehementius
1390 963 1586 1011 oculum
1609 971 1859 1012 moventes
1909 978 1910 981 ’

482 1036 656 1084 fortius
674 1037 922 1094 lucebunt,
948 1044 997 1084 et
1022 1037 1256 1084 confertae
1280 1053 1390 1084 cum
1410 1037 1508 1085 sint
1532 1038 1858 1086 collucebunt.

486 1112 612 1158 Cum
636 1126 751 1173 ergo
774 1111 968 1158 flamma
1007 1111 1128 1159 nihil
1165 1112 1297 1159 aliud
1334 1112 1398 1159 sit
1433 1129 1579 1175 quam
1618 1113 1859 1161 collucen-

484 1186 609 1233 tium
633 1186 1026 1248 corpusculorum
1067 1194 1403 1249 aggregatum,
1442 1188 1628 1235 orietur
1666 1188 1862 1237 flamma

484 1260 758 1308 manifesta.
829 1261 1038 1308 Ostensa
1061 1268 1133 1308 est
1168 1277 1284 1324 ergo
1309 1262 1519 1310 flammae
1542 1277 1688 1310 causa
1710 1263 1866 1326 possi-

486 1335 611 1383 bilis.
680 1335 844 1398 Atque
867 1335 981 1382 inde
1006 1335 1153 1382 etiam
1176 1336 1437 1384 manifesta
1473 1345 1677 1400 apparet
1701 1353 1860 1395 causa,

487 1426 636 1473 quare
653 1410 835 1457 vitrum
860 1410 1004 1472 quod,
1041 1411 1224 1473 absque
1263 1411 1401 1469 flatu,
1442 1427 1543 1459 non
1582 1411 1686 1459 sine
1715 1406 1885 1460 vehe-7

485 1484 787 1532 meritissimo
833 1485 962 1547 igne,
1004 1501 1033 1532 a
1071 1485 1266 1532 flamma
1302 1485 1440 1532 tenui
1486 1485 1701 1534 candelae
1741 1486 1863 1534 flatu

486 1560 584 1607 oris
608 1559 791 1622 adjuta,
818 1559 1131 1622 colliquatur.

553 1634 701 1683 Quod
725 1635 766 1682 si
784 1635 843 1682 ab
865 1634 1035 1682 eadem
1054 1635 1259 1682 materia
1273 1651 1386 1697 pars
1401 1635 1564 1698 aliqua
1577 1636 1861 1698 majuscula,

483 1710 716 1760 nimirum
756 1726 865 1772 quae
902 1725 962 1756 ex
1006 1710 1225 1772 pluribus
1264 1710 1516 1773 particulis
1556 1711 1758 1758 minutis
1798 1711 1863 1759 sit
1902 1721 1903 1724 ’

486 1785 769 1847 composita,
794 1785 1128 1848 abrumpatur,
1162 1786 1218 1832 fit
1251 1785 1475 1832 scintilla.
1547 1785 1712 1832 Habet
1734 1785 1864 1840 enim

484 1860 547 1907 ab
588 1860 870 1907 effractione
909 1859 1202 1922 vertiginem
1235 1859 1517 1919 violentam,
1552 1860 1683 1908 unde
1715 1860 1862 1908 lucet.

484 1935 668 1982 Verum
704 1934 745 1981 si
781 1951 810 1981 a
853 1934 1058 1982 materia
1103 1934 1430 1981 combustibili
1470 1950 1629 1998 neque
1669 1934 1866 1985 flamma

485 2018 643 2067 exeat,
686 2025 844 2072 neque
885 2009 1123 2067 scintillae,
1156 2016 1361 2072 possunt
1405 2017 1583 2060 tamen.
1606 2010 1861 2073 particulae

487 2087 591 2149 ejus
615 2085 788 2148 aliquae
825 2085 888 2132 ad
925 2084 1230 2147 superficiem
1258 2085 1413 2143 evehi,
1449 2093 1507 2133 ut
1546 2085 1683 2143 cinis,
1724 2086 1862 2149 cujus

485 2168 650 2223 partes
674 2160 744 2207 ita
765 2168 878 2207 sunt
911 2159 1130 2217 minutae,
1155 2166 1210 2206 ut
1245 2175 1497 2223 quousque
1532 2167 1710 2208 natura
1743 2159 1863 2208 divi—

488 2236 648 2284 dendo
670 2235 986 2298 progreditur
1010 2234 1221 2282 dubitari
1243 2234 1447 2282 ulterius
1471 2251 1571 2282 non
1593 2235 1763 2298 possit.

555 2311 820 2369 Postremo,
839 2311 1120 2373 ignescente
1142 2310 1362 2368 materia,
1384 2310 1424 2357 si
1442 2326 1616 2373 parum
1639 2317 1726 2358 aut
1743 2309 1865 2358 nihil

489 2387 666 2444 evolat,
681 2387 768 2433 fiet
781 2393 946 2433 tamen
963 2392 1166 2434 conatus
1185 2385 1398 2448 partium
1413 2385 1586 2448 aliquis
1602 2385 1666 2433 ad
1678 2392 1866 2437 motum

489 2461 774 2524 simplicem,
800 2477 895 2523 quo
917 2461 1004 2508 fiet
1038 2460 1190 2507 totius
1225 2460 1543 2523 corporisvel
1567 2459 1882 2523 colliquatioj

488 2537 582 2591 vel,
607 2537 689 2599 qui
713 2536 1071 2598 colliquationis
1094 2536 1273 2599 gradus
1297 2543 1386 2594 est,
1412 2535 1663 2584 emollitio.
1701 2534 1864 2586 Habet

486 2612 623 2659 enim
646 2612 802 2659 omnis
825 2620 987 2659 motus
1010 2611 1062 2658 in
1086 2627 1282 2658 omnem
1303 2611 1572 2670 materiam,
1602 2610 1679 2673 (ut
1695 2617 1864 2660 ⁴osten·-

492 2703 599 2734 sum
634 2694 723 2745 est,
760 2703 864 2749 cap.
898 2702 990 2734 xv.
1020 2693 1110 2733 art.
1151 2686 1200 2747 3)
1241 2687 1467 2733 effectum
1493 2686 1719 2748 aliquem.
1790 2683 1865 2732 Si·

486 2762 690 2824 quidem
713 2770 877 2810 autem
901 2762 1022 2809 adeo
1047 2761 1355 2808 emolliantur
1375 2777 1595 2824 corpora,
1615 2768 1672 2808 ut
1695 2767 1863 2808 contu—

488 2838 650 2885 macia
667 2853 835 2885 eorum
872 2854 901 2884 a
939 2837 1137 2899 propria
1177 2836 1416 2898 gravitate
1454 2843 1723 2898 superetur,
1759 2842 1860 2882 tum
