1936 3262
1841 15 1845 34 '¹
1857 29 1867 50 >z

1891 70 1895 80 'l
1904 89 1912 98 h

1010 284 1066 311 AD
1098 283 1350 312 LECTOREM.

444 409 540 450 quae
569 402 631 436 est
661 393 928 450 Philosophia
957 393 1112 444 Prima,
1141 408 1282 435 rerum
1311 392 1742 435 communissimarum
1774 392 1887 436 ideas

442 484 497 526 ad
531 483 807 526 sublationem
842 483 1030 540 ambigui
1060 493 1103 524 et
1136 483 1316 533 obscuri,
1349 482 1664 524 definitionibus
1683 483 1886 525 accuratis

440 574 551 617 inter
570 590 614 617 se
633 575 858 632 distinguo.
919 574 1066 616 Tertia
1099 588 1194 630 pars
1222 582 1411 615 versatur
1444 573 1488 614 in
1520 573 1776 629 expansione
1794 587 1886 630 spa-

441 666 608 716 tiorum,
630 666 674 708 id
694 676 768 717 est,
790 666 834 707 in
857 665 1110 707 Geometria.
1158 664 1321 713 Quarta
1339 664 1467 707 habet
1486 673 1649 706 motum
1663 660 1884 716 astrorum,

440 766 483 799 et
503 766 706 814 praeterea
726 756 969 814 qualitatem
989 756 1240 798 sensibilem.
1304 754 1357 797 In
1378 755 1559 797 sectione
1583 754 1767 798 secunda
1786 771 1885 798 con-

439 847 704 898 siderabitur,
727 846 892 888 volente
911 846 1003 897 deo,
1020 845 1184 887 Natura
1209 845 1414 888 Hominis.
1448 845 1500 887 In
1521 845 1645 887 tertia
1665 845 1781 888 Civis
1794 846 1886 903 jam

438 947 537 980 ante
556 937 838 980 consideratus
858 945 932 978 est.
994 935 1118 977 Hanc
1134 947 1136 949 ·
1154 951 1232 992 ego
1270 935 1513 978 methodum
1543 945 1743 992 sequutus
1777 951 1882 986 sum,

440 1044 524 1086 qua
552 1038 595 1071 et
621 1038 680 1079 tu,
710 1028 744 1070 si
771 1028 968 1077 arriserit,
1001 1027 1063 1069 uti
1088 1027 1265 1084 poteris3
1296 1042 1381 1069 non
1409 1027 1521 1069 enim
1541 1027 1788 1070 commendo
1807 1027 1886 1070 tibi

438 1134 544 1169 mea,
579 1118 652 1160 sed
672 1132 871 1174 propono.
934 1117 1199 1174 Quacunque
1227 1128 1369 1160 autem
1403 1117 1601 1159 methodo
1631 1133 1781 1160 usurus
1815 1118 1882 1169 sis,

437 1209 741 1265 philosophiam
759 1220 912 1258 tamen,
935 1207 979 1249 id
998 1217 1072 1258 est,
1106 1208 1292 1250 studium
1327 1207 1553 1264 sapientiae,
1586 1208 1642 1250 ob
1673 1209 1792 1265 cujus
1811 1209 1885 1251 de-

436 1299 592 1341 fectum
612 1298 744 1340 multa
763 1313 898 1355 nuper
918 1297 1029 1339 mala
1057 1297 1164 1353 passi
1195 1311 1339 1339 omnes
1367 1311 1524 1349 sumus,
1545 1294 1883 1340 commendatum

438 1390 515 1432 tibi
534 1389 656 1431 valde
674 1389 811 1430 velim.
873 1389 984 1430 Nam
1005 1388 1065 1430 illi
1085 1389 1211 1430 etiam
1231 1389 1304 1445 qui
1325 1388 1479 1431 divitiis
1498 1388 1681 1439 student,
1718 1374 1883 1447 sapien-

438 1481 539 1522 tiam
559 1489 726 1530 amant3
756 1479 938 1521 thesauri
958 1479 1072 1520 enim
1091 1479 1155 1521 sui
1175 1494 1261 1521 non
1282 1479 1404 1522 aliter
1434 1479 1533 1535 ipsis
1553 1479 1734 1536 placent,
1755 1494 1882 1536 quam

438 1579 485 1612 ut
504 1569 718 1626 speculum
739 1569 782 1610 in
804 1585 887 1626 quo
917 1570 1070 1611 intueri
1101 1578 1144 1611 et
1164 1569 1438 1626 contemplari
1458 1569 1618 1626 possint
1637 1569 1882 1626 sapientiam

437 1675 569 1704 suam.
628 1661 719 1703 Nec
751 1661 823 1717 qui
855 1660 909 1702 ad
943 1660 1112 1717 negotia
1142 1661 1312 1717 publica
1347 1661 1540 1704 adhiberi
1574 1671 1730 1712 amant,
1768 1660 1883 1703 aliud

437 1767 564 1809 quam
590 1752 727 1794 locum
757 1761 965 1809 quaerunt,
988 1753 1031 1793 in
1053 1767 1136 1809 quo
1156 1752 1403 1809 sapientiam
1424 1767 1550 1809 quam
1570 1752 1731 1794 habent
1750 1751 1883 1808 expli-

436 1858 532 1885 care
550 1843 721 1899 possint.
783 1841 850 1884 Ne
884 1842 1120 1898 voluptuosi
1153 1842 1325 1899 quidem
1358 1842 1663 1899 philosophiam
1683 1842 1738 1884 ob
1757 1841 1880 1884 aliam

435 1947 601 1976 causam
639 1932 874 1989 negligunt,
911 1932 990 1974 nisi
1030 1931 1144 1988 quod
1182 1932 1373 1974 nesciunt
1413 1941 1619 1989 quantam>
1652 1932 1882 1989 perpetuus

436 2022 822 2079 valentissimusque
853 2021 1123 2078 pulcherrimi
1154 2022 1302 2064 mundi
1333 2037 1427 2064 cum
1459 2023 1599 2064 anima
1637 2037 1880 2079 congressus

435 2113 691 2170 voluptatem
711 2112 764 2155 sit
783 2111 995 2154 allaturus.
1044 2111 1273 2163 Postremo,
1295 2113 1371 2155 etsi
1391 2113 1446 2155 ob
1466 2113 1568 2154 nihil
1590 2112 1717 2163 aliud,
1740 2122 1879 2157 tamen

440 2203 657 2260 (quoniam
676 2203 840 2244 animus
860 2202 1067 2243 humanus
1086 2217 1173 2244 non
1193 2203 1330 2245 minus
1351 2192 1548 2260 temporis
1582 2188 1713 2254 vacui,
1752 2219 1878 2261 quam

423 2293 721 2336 naturavacui
749 2293 829 2335 loci
859 2292 1079 2349 impatiens
1099 2293 1180 2346 est)
1203 2308 1258 2334 ne
1286 2293 1526 2335 hominibus
1556 2294 1766 2350 occupatis
1802 2294 1879 2336 im-

435 2394 655 2440 portunus,
677 2383 740 2425 vel
761 2383 869 2425 male
887 2383 1043 2425 feriatis
1073 2398 1169 2425 cum
1196 2383 1350 2425 damno
1378 2394 1451 2426 tuo
1486 2383 1684 2427 accedere
1703 2400 1728 2426 a
1748 2385 1878 2426 nimio

435 2474 520 2516 otio
540 2484 704 2516 coactus
724 2474 790 2524 sis,
810 2488 893 2531 qua
912 2474 1044 2515 otium
1067 2483 1187 2516 tuum
1201 2474 1390 2530 jucunde
1410 2474 1583 2531 implere
1603 2474 1745 2531 possis,
1762 2476 1875 2516 com-

436 2565 588 2608 mendo
609 2566 684 2608 tibi
704 2565 1018 2623 philosophiam.
1080 2564 1196 2607 Vale.

1476 2687 1596 2729 Tuo.
1621 2687 1816 2730 HoBBEs.
