1936 3262
489 248 580 291 154
882 258 1257 293 PHILOSOPHIA
1283 259 1473 293 PRIMA.

236 378 354 412 PARS
381 379 429 412 11.
481 375 607 416 sunt.
677 368 970 432 Magnitudo
995 369 1126 417 enim
1149 369 1291 418 lineae
1315 387 1375 418 ex
1394 370 1606 420 maxima
1624 387 1733 435 quae
1756 386 1860 423 esse

246 424 412 494 ss
481 451 648 507 potest
684 445 1007 492 terminorum
1045 444 1279 492 distantia
1314 445 1600 494 aestimatur.
1693 447 1771 496 Ita
1804 456 1863 499 ut

200 517 421 591 ξξὲἑῇίζῑῦέξ
482 520 703 582 ejusdem
725 520 883 579 lineae,
910 520 1010 567 sive
1040 535 1098 567 ea
1126 527 1343 579 extensa,
1380 521 1480 568 sive
1503 521 1759 573 incurvata
1781 523 1860 583 sit,
1910 553 1914 565 ι

198 604 419 646 proprietates·
482 595 652 643 eadem
677 611 867 659 semper
892 596 956 643 sit
987 595 1261 658 longitudo,
1286 597 1400 659 quia
1428 596 1664 646 distantia
1695 600 1860 648 termi-

479 686 656 719 norum
678 671 891 719 maxima
914 678 989 719 est
1014 687 1205 734 semper
1229 672 1414 720 eadem.

546 747 610 794 Et
634 747 866 810 quoniam
889 747 1035 806 acti0,
1061 764 1158 811 qua
1179 748 1359 795 lineam
1383 764 1442 796 ex
1474 755 1612 796 recta
1645 763 1861 810 curvam,

478 822 556 870 vel
580 831 753 870 contra
777 839 836 870 ex
861 839 1011 870 curva
1045 830 1231 871 rectam
1263 824 1484 881 facimus,
1514 823 1610 872 alia
1644 839 1746 873 non
1785 832 1861 875 est

480 913 624 960 quam
649 898 880 946 adductio
898 898 976 946 vel
995 898 1214 947 diductio
1238 899 1561 948 terminorum
1581 900 1701 963 ejus,
1724 907 1865 948 recte.

478 973 763 1021 definiemus
782 974 960 1021 lineam
981 990 1180 1021 curvam
1197 990 1306 1021 esse
1328 991 1451 1033 eam,
1473 974 1612 1036 cujus
1628 974 1860 1023 terminos

477 1049 649 1096 diduci
685 1065 840 1112 posse
882 1049 1225 1113 intelligimus⁹
1274 1056 1463 1096 rectam
1508 1057 1674 1097 autem
1720 1051 1858 1112 cujus
1887 1092 1897 1107 ,

477 1123 675 1171 termini
718 1124 889 1171 diduci
923 1124 1146 1188 intelligi
1179 1140 1273 1171 non
1287 1130 1502 1188 possunt
1525 1142 1544 1178 ;
1591 1131 1641 1171 et
1664 1140 1883 1188 compa->

476 1206 598 1257 rate,
623 1199 787 1262 magis
807 1214 1005 1246 curvam
1025 1215 1130 1246 esse
1154 1198 1320 1260 (modo
1335 1198 1594 1262 longitudo
1614 1198 1678 1246 sit
1697 1215 1867 1263 aequa-

474 1273 554 1334 lis)
584 1290 690 1321 eam
715 1276 852 1337 cujus
887 1274 1085 1321 termini
1118 1274 1274 1337 magis
1311 1273 1476 1321 diduci
1509 1282 1731 1337 possunt.
1801 1275 1858 1323 In
1902 1319 1904 1322 ,

476 1350 609 1397 omni
632 1357 796 1397 autem
831 1349 1071 1396 linearum
1097 1349 1381 1397 curvatione
1412 1350 1470 1396 fit
1505 1349 1638 1397 sinus
1662 1349 1858 1412 quidam
1893 1338 1909 1346 ⁸

475 1425 575 1472 sive
622 1425 821 1480 cavitas,
865 1441 974 1488 quae
1016 1425 1309 1487 quandoque
1355 1424 1419 1471 ad
1461 1440 1610 1471 unam
1650 1432 1856 1488 partem,
1935 1457 1936 1492 l

474 1501 766 1564 quandoque
785 1500 849 1548 ad
872 1500 1017 1548 aliam
1049 1508 1255 1563 spectat,
1281 1499 1403 1547 adeo
1430 1507 1488 1548 ut
1521 1500 1690 1548 eadem
1710 1517 1861 1549 curva-
1907 1563 1909 1565 ,
1935 1493 1936 1496 ¹

471 1577 628 1640 possit
661 1576 842 1624 habere
878 1576 1141 1623 cavitatem
1176 1592 1313 1624 suam
1347 1591 1542 1623 omnem
1576 1576 1639 1623 ad
1663 1576 1857 1624 easdem
1889 1587 1908 1614 ’ἑ

472 1660 652 1715 partes,
677 1651 755 1699 vel
786 1652 967 1715 partim
991 1652 1055 1699 ad
1084 1668 1250 1711 unam,
1282 1651 1463 1715 partim
1494 1651 1558 1699 ad
1586 1653 1856 1700 contrarias

474 1735 793 1791 spectantem.
1875 1732 1877 1738 '
1907 1787 1910 1790 Ι

541 1803 731 1852 Quibus
787 1803 932 1850 rebus
989 1801 1267 1860 intellectis,
1313 1801 1656 1865 intelliguntur
1713 1803 1856 1851 simul

471 1886 618 1926 rectae
642 1886 692 1926 et
716 1893 876 1926 curvae
901 1877 1290 1940 comparationes
1316 1893 1423 1940 quae
1447 1885 1735 1941 sequuntur.

538 1970 573 2001 1.
612 1954 663 2001 Si
686 1962 835 2001 rectae
861 1960 911 2000 et
935 1968 1096 2000 curvae
1119 1952 1317 1999 termini
1341 1953 1484 2000 ambo
1512 1953 1611 2000 sint
1635 1969 1852 2001 commu-

469 2045 571 2088 nes,
598 2045 797 2077 curvam
830 2035 968 2076 recta
1001 2028 1237 2090 majorem
1272 2043 1393 2075 esse.
1462 2028 1688 2077 Diductis
1725 2029 1854 2078 enim

471 2121 632 2153 curvae
656 2103 886 2152 extremis
917 2110 1155 2166 quantum
1178 2103 1285 2150 fieri
1307 2111 1487 2166 potest,
1511 2105 1598 2153 fiet
1622 2120 1682 2152 ex
1705 2120 1854 2154 curva
1912 2166 1913 2169 Ἴ

469 2188 621 2239 recta,
643 2181 781 2243 cujus
799 2194 914 2243 pars
935 2178 1029 2225 erit
1048 2194 1106 2225 ea
1125 2194 1233 2240 quae
1252 2195 1282 2225 a
1297 2179 1539 2242 principio
1559 2186 1697 2228 recta
1715 2186 1850 2234 erat;

469 2256 678 2318 ideoque
701 2254 862 2302 minor
887 2260 992 2301 erat
1017 2260 1154 2300 recta
1178 2270 1325 2316 quam
1349 2271 1498 2302 curva
1527 2255 1622 2318 ipsi
1657 2263 1850 2303 conter-
1911 2314 1914 2315 ⁷

468 2332 615 2379 mina.
685 2331 891 2393 Propter
927 2329 1133 2376 eandem
1171 2345 1381 2388 causam,
1415 2346 1673 2378 curvarum
1703 2331 1850 2378 etiam
1900 2346 1916 2369 .;

467 2407 703 2454 terminos
734 2406 902 2453 ambos
933 2404 1221 2452 habentium
1251 2421 1532 2453 communes
1573 2404 1635 2467 (si
1667 2406 1848 2454 cavitas

469 2483 724 2545 utriusque
749 2480 906 2528 omnis
931 2479 1126 2527 easdem
1148 2487 1314 2542 partes
1339 2480 1548 2543 spectet)
1575 2481 1732 2543 major
1755 2481 1848 2528 erit

467 2575 525 2606 ea
548 2574 658 2621 quae
682 2556 897 2604 exterior
921 2562 1010 2602 est.
1902 2554 1905 2556 ’

533 2649 593 2681 11.
631 2634 837 2680 Rectam
860 2639 910 2679 et
934 2646 1132 2679 curvam
1155 2630 1205 2677 in
1225 2630 1360 2678 nulla
1385 2630 1600 2689 omnino,
1620 2646 1683 2678 ne
1705 2630 1846 2679 mini-

464 2726 545 2756 ma
569 2709 766 2772 quidem
799 2714 955 2771 parte,
994 2721 1264 2769 congruere
1298 2721 1472 2769 posse3
1510 2706 1624 2769 quia
1658 2706 1699 2754 si
1733 2723 1847 2756 con-.

465 2791 716 2848 gruerent‚
753 2784 994 2831 haberent
1035 2788 1173 2829 recta
1209 2788 1260 2828 et
1297 2797 1446 2830 curva
1477 2781 1654 2844 aliqua,
1701 2782 1844 2831 ambo

465 2867 684 2908 extrema
737 2866 923 2922 puncta
990 2856 1282 2915 communia,
1344 2856 1584 2920 simulque
1641 2863 1845 2920 propter
