1936 3262
352 281 440 307 XXX
731 280 842 309 VITAE
868 281 1111 309 HOBBIANAE
1139 281 1413 311 AUCTARIUM.

352 389 553 445 politioris
572 389 801 433 literaturae
821 406 952 447 genus
972 390 1266 433 illustrandum
1290 401 1459 433 strenue
1477 391 1795 434 contenderunt.

354 479 463 521 Cum
498 480 578 523 illis
611 481 753 523 solitus
784 491 846 523 est
884 481 1146 538 quotidianos
1176 497 1385 524 sermones
1420 481 1622 532 conferre,
1664 491 1792 539 atque

349 569 489 612 arduis
509 570 553 612 in
578 570 843 627 Philosophia
861 580 904 612 et
925 570 1109 613 Mathesi
1138 571 1404 628 problematis
1431 571 1648 628 ingenium
1664 557 1793 614 *exer-

349 659 489 710 citare,
511 671 704 703 naturam
723 661 845 703 variis
865 661 1158 718 experimentis
1179 671 1385 719 torquere,
1418 677 1559 704 rerum
1587 661 1792 719 principia

350 749 560 806 indagare,
601 751 770 792 inventa
808 750 1031 792 ratiociniis
1070 751 1265 793 stabilire.
1329 751 1424 794 Prae
1457 752 1618 794 caeteris
1648 761 1792 796 autem

349 850 463 882 arcta
496 841 799 883 necessitudine
823 842 995 897 junctus
1029 851 1091 884 est
1126 843 1295 884 Marino
1326 843 1552 885 Mersenno
1585 842 1638 886 Ο.
1662 842 1727 886 Μ.
1749 851 1795 885 et

350 930 477 972 Petro
499 931 728 982 Gassendo,
752 930 1061 974 Mathematum
1094 932 1329 975 Professore
1353 933 1501 990 Regio,
1524 932 1612 975 viro
1636 932 1791 990 insigni

347 1021 537 1064 doctrina
555 1032 598 1064 et
612 1023 860 1065 suavissimis
880 1023 1066 1065 moribus
1092 1022 1271 1073 exculto,
1293 1032 1335 1064 et
1351 1023 1464 1079 quod
1482 1022 1650 1065 honoris
1667 1038 1793 1066 causa

347 1113 622 1168 pronunciare
642 1113 751 1164 licet,
774 1114 1045 1171 philosophiae
1069 1114 1289 1171 Epicureae
1315 1114 1604 1156 instauratore.

405 1203 533 1243 Anno
556 1205 678 1253 1641,
703 1202 931 1245 Mersenno
946 1213 1209 1260 procurante,
1236 1218 1332 1245 curn
1352 1202 1607 1245 nobilissimo
1625 1203 1790 1246 Renato

350 1291 536 1333 Cartesio
552 1292 846 1334 commercium
858 1292 1036 1334 instituit
1055 1291 1326 1349 epistolicum‚
1338 1293 1381 1333 in
1396 1307 1492 1349 quo,
1510 1292 1564 1334 de
1578 1301 1729 1335 natura
1743 1307 1792 1335 ac

347 1380 508 1437 legibus
530 1391 677 1432 motus,
709 1391 794 1424 tam
814 1382 975 1435 directi,
996 1398 1122 1439 quam
1142 1382 1299 1433 reflexi,
1332 1382 1506 1438 aliisque
1525 1381 1580 1423 ad
1598 1385 1792 1439 Diopbn‘-

346 1487 422 1515 cen
441 1472 723 1527 spectantibus
757 1472 1031 1528 argumentis,
1068 1472 1266 1528 utrinque
1298 1471 1506 1514 subtiliter
1535 1471 1791 1528 disputatum

347 1570 434 1603 est:
466 1577 561 1618 quae
581 1562 721 1604 omnia
750 1572 862 1605 tomo
884 1564 1006 1605 tertio
1027 1563 1295 1620 epistolarum
1318 1563 1496 1605 Cartesii
1524 1562 1647 1619 plene
1673 1562 1791 1605 exhi-

347 1652 514 1694 bentur.
575 1652 698 1695 Circa
729 1652 841 1694 idem
875 1662 1035 1709 tempus
1066 1653 1278 1695 Cartesius
1316 1653 1546 1709 (praemisso
1559 1653 1650 1708 jam
1668 1662 1791 1695 antea

347 1757 458 1784 anno
483 1743 587 1786 1637
611 1758 730 1785 novae
763 1743 1041 1800 Philosophiae
1069 1743 1304 1800 specimine)
1342 1743 1569 1799 publicavit
1596 1758 1690 1785 suas
1723 1746 1792 1787 De

347 1834 499 1875 Prima
536 1834 811 1889 Philosophia
842 1836 1162 1884 Meditafloms,
1199 1833 1241 1874 in
1273 1834 1424 1890 quibus
1455 1833 1539 1875 Dei
1570 1833 1790 1876 essentiam

346 1930 473 1978 atque
492 1921 767 1973 existentiam,
788 1923 940 1965 animae
962 1923 1158 1966 humanae
1179 1933 1385 1975 naturam,
1406 1939 1582 1981 eamque
1600 1925 1654 1967 ab
1673 1925 1788 1967 omni

346 2025 545 2067 corporeo
564 2026 731 2067 prorsus
751 2011 1001 2063 distinctam,
1026 2013 1153 2070 ipsius
1168 2014 1354 2056 materiae
1369 2014 1572 2056 rationem
1587 2023 1630 2056 et
1643 2014 1788 2058 modos

347 2101 528 2143 maxime
561 2102 761 2157 proprios,
813 2102 947 2144 omnis
981 2103 1164 2160 denique
1198 2104 1383 2146 scientiae
1413 2104 1697 2155 fundamenta,
1733 2119 1788 2147 ex

347 2193 499 2235 innatis
512 2192 762 2250 quibusdam
776 2192 878 2234 ideis
891 2192 1175 2236 demonstrare
1191 2193 1416 2236 contendit.
1477 2193 1574 2236 Illos
1591 2194 1695 2237 tanti
1709 2195 1787 2237 viri

344 2292 517 2326 conatus
549 2283 677 2340 digna
706 2298 801 2325 cum
826 2283 949 2325 laude
975 2293 1228 2340 exceperunt
1247 2298 1415 2334 omnes;
1445 2293 1489 2326 at
1518 2283 1786 2327 nihilominus

349 2382 506 2414 tantam
546 2387 687 2414 rerum
721 2372 874 2414 molem
909 2382 994 2414 tam
1029 2373 1304 2415 imbecillibus
1342 2373 1483 2415 fulcris
1533 2374 1657 2416 inniti
1698 2390 1784 2418 non

347 2462 453 2518 passi
469 2471 566 2503 sunt
581 2462 808 2518 sagaciores
821 2461 1066 2518 philosophi,
1088 2463 1331 2520 scriptisque
1346 2464 1561 2506 contrariis
1576 2466 1784 2508 rationum

346 2553 434 2608 ejus
461 2552 798 2594 incertitudinem
818 2553 1117 2604 ostenderunt3
1152 2554 1261 2595 inter
1290 2569 1392 2610 quos
1421 2554 1630 2611 praecipue
1650 2557 1784 2598 nomi-

346 2642 473 2683 nandi
494 2643 679 2692 veniunt,
698 2643 846 2684 Petrus
869 2643 1120 2694 Gassendus,
1143 2643 1353 2686 Antonius
1369 2644 1594 2696 Arnaldus,
1611 2645 1783 2689 celebris

344 2747 368 2773 e
388 2732 578 2774 Sorbona
598 2732 890 2790 Theologicus,
912 2743 954 2775 et
975 2733 1159 2775 Thomas
1181 2733 1387 2776 Hobbius.

403 2822 529 2864 Anno
573 2825 683 2865 1644
724 2823 918 2866 Marinus
959 2823 1213 2866 Mersennus
1252 2824 1432 2880 cogitata
1471 2840 1545 2867 sua
1585 2825 1781 2882 Physico-

347 2911 645 2957 Mathematica
659 2914 703 2955 in
719 2913 810 2957 luce
822 2914 1014 2966 memisit,
1037 2914 1110 2958 ubi
1131 2914 1241 2957 inter
1260 2913 1341 2957 alia
1360 2914 1578 2958 doctorum
1596 2915 1778 2958 virorum
