1936 3262
677 226 747 259 DE
773 223 1102 259 VOCABULIS.
1528 212 1585 255 15

267 353 312 395 5.
349 346 598 396 Quoniam
633 353 800 393 autem
837 345 1068 403 Nomina,
1105 351 1162 391 ut
1200 342 1457 390 definitum
1492 350 1583 402 est,
1653 354 1769 387 PARS
1788 353 1816 386 1.

199 422 439 487 disposita
461 422 512 469 in
532 421 771 480 oratione,
793 421 934 485 signa
952 428 1068 469 sunt
1088 426 1445 482 conceptuum;
1483 435 1586 466 ma-
1654 399 1818 468 2-3—-2

197 499 434 547 nifestum
465 507 541 546 est
577 513 635 545 ea
674 514 776 546 non
814 514 920 546 esse
959 497 1101 560 signa
1133 495 1353 559 ipsarum
1386 511 1551 542 rerum
1572 516 1584 550 ;
1604 493 1746 525 N0¹¹¹³¹¹³²

1547 570 1557 579 ,
1603 537 1695 578 signa
1707 540 1783 568 sunt

200 590 298 639 quo
324 590 470 622 sensu
493 574 623 621 enim
645 573 855 637 intelligi
879 580 1045 637 potest
1077 588 1253 620 sonum
1281 571 1427 635 hujus
1450 587 1585 618 vocls
1603 591 1672 631 non·
1682 590 1790 630 regum
1800 578 1856 610 sed

200 649 339 716 lapis
371 663 478 699 esse
519 649 715 713 signum
750 649 961 714 lapidis,
999 649 1095 697 alio
1139 664 1284 712 quam
1323 654 1381 694 ut
1417 647 1459 694 is
1503 647 1587 710 qui
1604 629 1845 666 ⁰⁰g¹t³t¹⁰¹¹¹¹¹m

199 742 373 775 vocem
395 742 504 774 eam
522 725 741 774 audisset
759 726 1014 789 colligeret
1035 726 1323 788 loquentem
1347 722 1407 770 de
1425 722 1587 785 lapide

201 801 477 867 cogitasse?
547 802 722 866 Itaque
750 802 1020 866 disputatio
1053 802 1138 849 illa
1174 817 1238 848 an
1264 799 1467 848 nomina
1491 799 1587 862 sig-

199 878 404 926 nificent
442 878 721 936 materiam,
758 895 821 926 an
843 879 1088 942 formam,
1137 894 1201 925 an
1247 875 1587 940 compositum,

199 953 405 1018 aliaeque
425 954 666 1018 ejusmodi
689 955 1154 1018 metaphysicorum,
1171 952 1442 1001 errantium
1458 959 1588 1010 sunt,

198 1044 292 1078 nec
315 1029 698 1095 intelligentium
720 1032 871 1079 verba
895 1031 956 1079 de
981 1031 1158 1095 quibus
1184 1031 1454 1093 disputant.

266 1110 313 1153 6.
350 1105 525 1170 Neque
555 1122 674 1155 vero
697 1114 755 1155 ut
779 1123 925 1156 omne
947 1124 1145 1166 nomen,
1175 1106 1383 1168 alicujus
1405 1105 1478 1152 rei
1500 1120 1590 1152 no-
1608 1127 1752 1159 Nomina
1805 1124 1807 1126 ·

199 1196 314 1230 men
338 1181 419 1242 sit,
442 1183 775 1231 necessarium
799 1191 889 1232 est.
948 1184 1089 1232 Sicut
1113 1183 1244 1231 enim
1262 1195 1409 1229 voces
1434 1180 1589 1238 homo,
1607 1182 1804 1247 ffrffiussint.

199 1256 372 1317 arbor,
419 1257 574 1322 lapis,
621 1259 838 1322 ipsarum
883 1275 1050 1307 rerum
1094 1257 1297 1307 nomina
1343 1263 1474 1314 sunt,
1520 1255 1592 1303 ita

200 1348 398 1397 quoque
443 1334 683 1398 imagines
724 1335 954 1404 hominis,
993 1334 1198 1393 arboris,
1240 1330 1433 1394 lapidis,
1481 1346 1591 1394 quae

199 1417 470 1458 occurrunt
505 1410 880 1470 somniantibus,
915 1427 1003 1458 sua
1035 1410 1128 1457 sibi
1159 1409 1346 1457 habent
1372 1407 1589 1464 nomina,

199 1485 422 1548 quamvis
444 1501 523 1534 res
547 1502 647 1534 non
673 1486 787 1545 sint,
818 1486 905 1534 sed
936 1502 1103 1533 rerum
1133 1485 1372 1548 figmenta
1395 1490 1590 1531 tantum

197 1569 251 1608 et
276 1560 639 1624 phantasmata.
698 1562 859 1610 Datur
890 1561 1022 1610 enim
1044 1562 1263 1625 ipsarum
1291 1559 1589 1618 meminisse,

196 1635 409 1700 ideoque
431 1637 713 1685 nominibus
746 1653 828 1685 eas
852 1654 955 1686 non
987 1638 1150 1685 minus
1185 1653 1333 1701 quam
1356 1651 1434 1684 res
1458 1635 1589 1699 ipsas

196 1712 363 1761 notari
387 1720 438 1761 et
468 1713 734 1778 significari
769 1721 983 1778 oportet.
1051 1714 1216 1762 Etiam
1238 1730 1335 1762 vox
1368 1713 1477 1760 haec
1491 1711 1590 1775 fu-

199 1795 363 1837 turum
386 1805 569 1838 nomen
593 1798 684 1849 est,
714 1790 802 1838 sed
835 1807 914 1838 res
937 1790 1107 1838 futura
1128 1790 1351 1838 nondum
1373 1789 1475 1836 ulla
1498 1795 1589 1847 est,

197 1881 360 1929 neque
384 1865 565 1914 scimus
601 1866 733 1930 quod
762 1866 985 1914 futurum
1007 1882 1256 1925 vocamus,
1280 1882 1344 1913 an
1367 1865 1591 1913 futurum

198 1956 417 2004 unquam
449 1941 542 1997 sit;
578 1949 801 1990 attamen
835 1942 952 2005 quia
987 1942 1306 2006 cogitatione,
1338 1940 1592 2005 praeterita

197 2017 525 2081 praesentibus
561 2018 854 2066 subnectere
890 2018 1023 2066 soliti
1057 2034 1240 2078 sumus,
1272 2017 1473 2065 nomine
1495 2016 1592 2079 su-

200 2093 305 2142 turi
323 2093 474 2142 talem
492 2094 847 2142 subnexionem
867 2095 1215 2159 significamus.
1286 2094 1438 2142 Porro
1459 2091 1593 2156 quod

199 2184 361 2232 neque
381 2177 472 2228 est,
487 2185 649 2233 neque
668 2169 779 2228 fuit,
799 2186 960 2234 neque
981 2170 1091 2230 erit,
1110 2186 1271 2234 neque
1288 2186 1393 2218 esse
1407 2175 1589 2232 potest,

198 2260 382 2293 nomen
417 2252 587 2293 tamen
622 2245 840 2305 habebit,
877 2246 973 2294 hoc
1014 2246 1175 2309 ipsum
1212 2245 1414 2303 scilicet,
1458 2243 1594 2308 quod

199 2337 358 2385 neque
379 2327 474 2377 est,
502 2338 660 2385 neque
677 2321 812 2385 fuit,
837 2321 927 2383 ᾇτ’.
955 2322 1031 2370 vel
1053 2322 1251 2370 brevius
1275 2322 1385 2380 hoc,
1411 2320 1591 2384 impos-

201 2395 364 2445 sibile.
457 2397 684 2461 Denique
718 2414 815 2446 vox
851 2398 958 2446 haec
993 2398 1123 2446 nihil
1161 2413 1344 2446 nomen
1386 2403 1476 2454 est,
1518 2395 1591 2442 rei

202 2478 371 2520 tamen
391 2488 574 2521 nomen
599 2489 705 2521 esse
738 2490 840 2522 non
871 2481 1053 2537 potest.
1124 2474 1254 2522 Nam
1289 2473 1330 2520 si
1359 2470 1591 2535 (exempli

201 2547 382 2611 gratia)
410 2549 740 2597 subducentes
762 2549 1010 2598 binarium
1030 2557 1081 2598 et
1103 2549 1374 2598 ternarium
1399 2564 1459 2596 ex
1483 2547 1591 2612 qui-

201 2622 359 2682 nario,
395 2639 497 2672 non
532 2625 754 2673 videmus
786 2625 942 2673 ullum
964 2625 1231 2683 residuum,
1262 2625 1303 2672 si
1326 2624 1455 2671 illius
1480 2623 1591 2671 sub-

203 2698 452 2747 ductionis
491 2701 772 2750 meminisse
821 2702 1040 2760 velimus,
1102 2701 1259 2749 oratio
1316 2700 1422 2748 11366
1463 2699 1594 2747 nihil

201 2774 455 2822 residuum
482 2782 576 2834 est,
606 2784 657 2824 et
698 2777 751 2825 in
792 2777 876 2826 illa
906 2793 1089 2826 nomen
1122 2775 1252 2824 nihil
1281 2775 1455 2824 inutile
1489 2791 1592 2823 non

204 2857 293 2899 est.
365 2851 572 2915 Propter
592 2852 799 2902 eandem
821 2854 1066 2902 rationem
1090 2853 1238 2901 etiam
1261 2853 1420 2901 minus
1444 2868 1590 2917 quam
