1936 3262
413 259 503 302 184
740 270 811 302 DE
838 269 1176 303 RATIONIBUS
1202 270 1461 304 MOTUUM.

173 386 297 459 PARIS„
319 385 386 416 ΠΙ·
419 380 634 439 veniant,
662 380 746 427 ubi
769 381 895 427 vires
923 396 1090 428 earum
1126 381 1350 428 effectum
1390 397 1531 428 suum
1568 381 1796 435 obtinent

190 441 378 498 *LE-2
416 455 642 518 aliquem.
713 456 902 518 Itaque,
920 456 1128 518 exempli
1144 473 1304 515 causa,
1322 456 1592 514 arietando,
1605 456 1792 520 lignum
1852 475 1861 490 *¹

414 530 608 593 longius
633 546 778 593 quam
810 530 1005 595 brevius
1042 531 1212 579 eadem
1245 532 1568 579 crassitudine
1591 541 1641 580 et
1661 530 1796 581 velo-‘

418 605 583 664 citate,
609 614 659 653 et
683 606 891 653 crassius
917 622 1062 668 quam
1094 607 1265 655 exilius
1290 607 1459 654 eadem
1486 606 1797 670 longitudine

420 688 469 728 et
490 681 751 729 velocitate
773 681 882 744 plus
907 689 1138 744 operatur
1161 681 1212 729 in
1235 681 1488 744 parietem.

980 902 1242 920 11

921 1072 1134 1121 CAPUT
1168 1072 1305 1119 XVI.

482 1208 554 1241 DE
584 1207 738 1241 MOTU
766 1204 1128 1241 ACCELERATO
1156 1205 1226 1239 ΕΤ
1254 1205 1551 1252 UNIFORMI,
1579 1206 1653 1241 ET
1676 1205 1750 1243 DE

783 1281 935 1315 MOTU
965 1281 1070 1314 PER
1098 1279 1454 1314 CONCURSUM.

428 1376 460 1410 l.
492 1372 682 1409 Velocitas
701 1371 862 1416 mobilis,
881 1383 950 1421 per
964 1370 1160 1420 quodlibet
1174 1373 1323 1418 tempus
1338 1374 1567 1420 computata,
1581 1375 1639 1408 est
1648 1369 1686 1407 id
1699 1369 1805 1420 quod
1871 1389 1874 1397 ι

478 1433 522 1469 fit
546 1445 593 1469 ex
613 1433 731 1469 ductu
750 1433 912 1481 impetus
933 1433 971 1468 in
996 1431 1329 1480 tempus.—2,&c.
1357 1430 1403 1468 In
1423 1431 1526 1468 omni
1550 1436 1657 1469 motu
1682 1431 1806 1481 longi·

480 1494 630 1531 tudines
648 1506 837 1543 pereursae
856 1498 944 1530 sunt
972 1493 1070 1529 inter
1097 1505 1148 1536 se,
1168 1497 1211 1529 ut
1228 1491 1330 1529 facta
1356 1504 1404 1529 ex
1422 1492 1567 1542 impetu
1585 1493 1624 1529 in
1642 1497 1806 1542 tempus.

479 1558 517 1594 6.
533 1555 573 1592 Si
586 1555 662 1591 duo
674 1554 838 1599 mobilia,
852 1553 1091 1591 uniformiter
1102 1553 1187 1598 lata,
1200 1557 1423 1602 percurrant
1433 1553 1527 1590 duas
1537 1553 1808 1603 longitudines,

482 1621 593 1653 erunt
610 1615 866 1665 longitudines
879 1627 1068 1664 percursae
1087 1614 1126 1650 in
1141 1614 1286 1651 ratione
1305 1615 1514 1663 composita
1532 1627 1580 1652 ex
1597 1614 1810 1652 rationibus-
1935 1646 1936 1664 3

480 1676 662 1725 temporis
688 1676 736 1713 ad
768 1681 917 1724 tempus
947 1681 985 1712 et
1011 1675 1174 1724 impetus
1192 1674 1241 1711 ad.
1259 1675 1443 1724 impetum
1467 1675 1609 1713 directe
1635 1675 1809 1724 sumptis.
1875 1696 1884 1724 ·:

481 1739 519 1778 7.
551 1738 590 1775 si
606 1737 681 1774 duo
693 1737 849 1774 mobilia
862 1736 1100 1773 uniformiter
1113 1735 1188 1772 lata
1198 1740 1423 1784 percurrant
1435 1735 1529 1773 duas
1541 1735 1809 1785 longitudines,
1881 1752 1883 1755 ·

484 1802 595 1835 erunt
612 1801 785 1846 tempora
798 1797 896 1833 inter
911 1809 950 1833 se
965 1797 1002 1832 in
1018 1796 1163 1833 ratione
1177 1796 1386 1845 composita
1404 1808 1452 1834 ex
1465 1796 1674 1833 rationibus
1686 1796 1812 1846 longi-

484 1859 627 1896 tudinis
659 1858 707 1895 ad
743 1858 1021 1908 longitudinem
1051 1862 1089 1894 et
1121 1857 1284 1905 impetus
1320 1857 1368 1893 ad
1399 1858 1584 1906 impetum
1615 1857 1812 1906 reciproce
1882 1896 1888 1900 ,

485 1919 656 1968 sumptis.
711 1918 808 1955 Item
823 1919 986 1966 impetus
1002 1918 1099 1954 inter
1117 1930 1156 1954 se
1185 1922 1295 1954 erunt
1313 1917 1352 1953 in
1371 1918 1516 1955 ratione
1536 1918 1746 1967 composita
1763 1929 1812 1955 ex
1882 1911 1889 1917 ”
1923 1951 1925 1953 .

486 1980 697 2017 rationibus
715 1979 962 2028 longitudinis
981 1979 1027 2015 ad
1047 1978 1324 2028 longitudinem
1342 1983 1381 2015 et
1397 1979 1577 2028 temporis
1595 1978 1645 2015 ad
1662 1982 1815 2028 tempus

486 2042 680 2090 reciproce
719 2041 889 2089 sumptis.
901 2043 1002 2077 -8.
1035 2039 1075 2077 Si
1110 2039 1250 2077 mobile
1286 2038 1431 2076 feratur
1466 2052 1489 2077 a
1519 2039 1668 2077 duobus
1698 2038 1814 2076 simul

487 2102 731 2139 moventibus
763 2100 1011 2144 uniformiter,
1032 2113 1118 2149 quae
1137 2100 1176 2136 in
1204 2100 1374 2150 quolibet
1399 2098 1539 2150 angulo
1568 2105 1813 2146 concurrunt,

487 2165 559 2200 erit
576 2164 686 2207 linea,
707 2174 793 2212 quae
808 2163 1052 2211 percurritur,
1072 2166 1176 2198 recta
1192 2161 1422 2199 subtendens
1449 2162 1631 2212 angulum
1648 2161 1814 2211 comple·

489 2225 607 2261 menti
640 2224 686 2260 ad
721 2224 815 2260 duos
844 2228 1072 2266 rectos—9,
1101 2224 1168 2259 Sec.
1198 2222 1238 2260 Si
1270 2222 1409 2260 mobile
1437 2222 1581 2260 feratur
1609 2235 1632 2260 a
1662 2223 1814 2260 duobus

489 2285 601 2321 simul
620 2285 873 2329 moventibus,
888 2296 1051 2334 quorum
1065 2284 1226 2320 alterum
1243 2289 1371 2320 movet
1388 2283 1638 2329 uniformiter,
1651 2284 1812 2321 alterum
1890 2299 1893 2301 ·
1908 2280 1930 2322 Ξ(

490 2346 711 2390 accelerate,
730 2345 900 2382 invenire
917 2345 1056 2382 lineam
1075 2357 1191 2394 quam
1218 2345 1398 2382 describit
1415 2345 1567 2390 mobile,
1585 2345 1700 2382 modo
1717 2346 1818 2383 ratio

488 2406 771 2456 longitudinum
789 2418 1054 2454 percursarum
1077 2405 1126 2442 ad
1140 2411 1311 2455 tempora
1328 2406 1368 2442 in
1387 2406 1525 2455 quibus
1541 2411 1819 2455 percurruntur
1864 2418 1869 2422 ·

488 2468 655 2504 numeris
673 2466 854 2516 explicari
872 2467 1002 2515 possit.

176 2569 418 2620 Yeiocitasmo-
445 2562 485 2602 1.
521 2555 831 2602 VELOCITAS
874 2554 1205 2616 cujuscunque
1245 2552 1464 2615 corporis
1498 2568 1587 2615 per
1617 2552 1816 2616 aliquod

174 2612 422 2695 Ῐῖἷξὲἶρῗζῐῖζῖῒ
439 2638 631 2692 tempus
677 2629 801 2676 moti
841 2636 981 2675 tanta
1037 2635 1125 2685 est,
1173 2635 1409 2689 quantum
1462 2634 1537 2674 est
1582 2628 1714 2690 quod
1756 2628 1819 2676 fit

177 2703 368 2740 computata,
376 2702 424 2728 est

178 2743 209 2774 id
225 2743 308 2782 quod
324 2741 360 2772 fit
384 2752 423 2771 ex
441 2721 501 2752 ex
525 2705 712 2767 impetu
740 2704 903 2766 (quem
928 2703 1078 2750 habet
1101 2703 1153 2750 in
1175 2710 1359 2765 puncto
1383 2702 1640 2766 temporis)
1667 2703 1819 2751 ducto

177 2785 423 2824 ductuimpetus
439 2780 491 2827 in
515 2787 707 2842 tempus
730 2779 881 2842 ipsius
904 2786 1081 2825 motus.

177 2830 211 2860 in
227 2835 364 2869 tempus·
508 2855 629 2902 Cum
650 2855 780 2902 enim
804 2854 1037 2902 velocitas
1066 2853 1173 2916 (per
1210 2851 1305 2899 def.
1331 2867 1436 2914 cap.
1461 2867 1587 2900 vlu.
1609 2859 1703 2900 art.
1732 2851 1815 2914 15)
