1936 3262
448 229 508 270 32
766 239 1116 273 COMPUTATIO
1145 240 1263 273 SIVE
1293 239 1507 272 LOGICA.

216 374 332 406 PARS
357 375 383 407 1.
446 359 734 422 apparenti,
778 359 855 406 vel
875 359 1024 421 ficte,
1059 359 1110 406 id
1146 368 1311 407 tamen
1335 359 1398 407 ad
1427 358 1686 407 veritatem
1707 374 1821 422 pro·

203 441 390 487 *gp—2
445 434 703 497 positionis
727 434 1036 482 referendum
1061 442 1134 482 est
1156 456 1167 490 ;
1203 452 1317 482 nam
1340 435 1451 482 ideo
1476 433 1822 483 simulachrum

444 510 656 557 hominis
671 510 722 557 in
735 510 948 573 speculo,
964 510 1042 557 vel
1057 517 1319 573 spectrum,
1331 517 1541 573 negatur
1558 525 1663 557 esse
1676 524 1820 556 verus

445 584 609 641 homo,
640 592 901 648 propterea
939 585 1069 647 quod
1101 585 1206 632 haec
1243 584 1532 648 propositio,
1572 589 1821 648 spectrum

445 666 523 706 est
545 659 698 716 homo,
731 676 847 707 vera
868 676 969 707 non
993 668 1069 707 est
1090 681 1101 715 ;
1140 677 1253 708 nam
1272 667 1329 707 ut
1353 667 1601 723 spectrum
1631 674 1732 706 non
1757 659 1821 706 sit

444 750 615 782 verum
639 743 902 798 spectrum,
935 735 1102 798 negari
1127 752 1227 782 non
1249 742 1430 798 potest.
1500 734 1673 796 Neque
1702 749 1819 797 ergo

443 810 640 866 veritas,
668 811 739 857 rei
775 810 969 857 affectio
1002 818 1092 866 est,
1124 810 1211 857 sed
1237 809 1603 874 propositionis.
1674 809 1821 858 Quod

444 893 609 933 autem
633 902 662 932 a
687 885 1033 949 metaphysicis
1055 885 1151 932 dici
1170 885 1295 932 solet
1318 902 1404 932 ens
1426 900 1567 931 unum
1587 889 1638 930 et
1657 900 1820 931 verum

443 959 573 1006 idem
605 968 734 1019 sunt,
769 960 1084 1024 nugatorium
1109 968 1158 1007 et
1181 960 1367 1023 puerile
1406 967 1513 1014 est3
1559 958 1666 1022 quis
1691 958 1821 1006 enim

442 1034 616 1090 nescit,
639 1036 904 1093 hominem,
930 1043 980 1083 et
1002 1052 1155 1082 unum
1178 1035 1427 1082 hominem
1451 1042 1501 1082 et
1523 1050 1638 1082 vere
1662 1034 1821 1082 homi-

442 1126 556 1157 nem
579 1110 711 1157 idem
735 1126 924 1158 sonare.

182 1174 305 1248 {ffiffi
319 1178 352 1247 {³1}
511 1190 555 1232 8.
594 1185 892 1248 Intelligitur
907 1186 1024 1233 hinc
1039 1185 1235 1233 veritati
1251 1191 1300 1232 et
1318 1179 1521 1232 falsitati
1539 1184 1703 1232 locum
1719 1201 1821 1232 11011
1894 1203 1895 1206 ’
1911 1181 1925 1211 ·’

183 1260 421 1335 ffiartssffissgffi
444 1275 567 1314 esse,
591 1260 686 1307 nisi
708 1260 759 1307 in
783 1261 842 1308 iis
866 1260 1195 1307 animantibus
1229 1260 1312 1323 qui
1347 1259 1569 1308 oratione
1595 1266 1820 1307 utuntur.

443 1334 550 1381 Etsi
574 1335 704 1382 enim
737 1335 966 1382 animalia
998 1335 1234 1382 orationis
1267 1334 1502 1398 expertia,
1525 1333 1736 1382 hominis
1761 1335 1821 1382 si-

442 1410 748 1457 mulachrum
771 1411 822 1457 in
847 1410 1043 1473 speculo
1073 1409 1361 1473 aspicientia
1393 1409 1618 1457 similiter
1645 1410 1822 1456 affecta

445 1501 550 1532 esse
573 1486 779 1548 possint,
805 1502 863 1532 ac
888 1485 928 1532 si
952 1485 1112 1548 ipsum
1134 1485 1382 1532 hominem
1405 1484 1657 1543 vidissent,
1683 1491 1734 1532 et
1757 1484 1820 1532 ob

445 1577 552 1608 eam
583 1577 777 1608 causam
806 1561 989 1608 frustra
1012 1577 1123 1607 eum
1146 1567 1438 1617 metuerent,
1466 1559 1544 1607 vel
1566 1559 1819 1607 abblandi-

442 1643 630 1695 rentur,
677 1652 780 1683 rem
823 1644 987 1683 tamen
1028 1652 1128 1683 non
1169 1635 1544 1698 apprehendunt
1584 1642 1819 1698 tanquam

442 1727 608 1758 veram
631 1718 718 1758 aut
734 1711 921 1769 falsam,
943 1710 1027 1758 sed
1050 1718 1242 1757 tantum
1264 1718 1321 1757 ut
1340 1709 1560 1766 similem,
1583 1725 1743 1772 neque
1766 1709 1817 1756 in

442 1801 499 1833 eo
523 1785 774 1833 falluntur.
846 1785 1269 1833 Quemadmodum
1288 1784 1440 1847 igitur
1463 1784 1676 1831 orationi
1691 1785 1818 1831 bene

440 1861 703 1908 intellectae
728 1861 909 1908 debent
932 1861 1172 1919 homines,
1203 1859 1435 1923 quiequid
1460 1867 1595 1906 recte
1618 1859 1817 1906 ratioci-

439 1944 651 1990 nantur3
689 1936 760 1983 ita
792 1936 949 1983 eidem
982 1951 1176 1999 quoque
1199 1935 1324 1982 male
1348 1934 1611 1982 intellectae
1635 1934 1817 1983 debent

441 2026 630 2058 errores
668 2026 780 2058 suos
807 2031 818 2065 3
858 2018 908 2058 et
936 2018 993 2057 ut
1019 2009 1341 2073 philosophiae
1379 2009 1542 2066 decus,
1574 2009 1646 2056 ita
1667 2009 1816 2056 etiam

441 2086 762 2133 absurdorum
806 2086 1090 2148 dogmatum
1132 2084 1386 2147 turpitudo
1424 2084 1538 2132 solis
1579 2084 1816 2147 competit

439 2160 733 2208 hominibus.
805 2162 971 2208 Habet
990 2161 1120 2207 enim
1140 2160 1296 2207 oratio
1316 2159 1467 2222 (quod
1489 2159 1676 2206 dictum
1699 2159 1815 2207 olim

440 2244 515 2284 est
539 2236 599 2283 de
624 2236 823 2283 Solonis
853 2236 1061 2299 legibus)
1091 2235 1246 2282 simile
1271 2234 1456 2297 aliquid
1479 2234 1590 2282 telae
1613 2250 1814 2282 aranea-

438 2327 546 2358 rum
565 2332 576 2366 ;
612 2328 727 2359 nam
745 2312 935 2359 haerent
954 2311 1004 2358 in
1023 2311 1184 2358 verbis
1205 2317 1255 2357 et
1274 2310 1599 2373 illaqueantur
1617 2309 1815 2373 ingenia

438 2394 610 2434 tenera
633 2393 683 2433 et
705 2386 974 2444 fastidiosa,
999 2385 1148 2433 fortia
1170 2392 1335 2432 autem
1356 2391 1696 2447 perrumpunt.

503 2461 692 2509 Deduci
725 2461 840 2508 hinc
878 2477 1071 2523 quoque
1107 2467 1287 2523 potest,
1325 2459 1558 2506 veritates
1596 2459 1813 2506 omnium

437 2538 634 2600 primas,
665 2545 799 2584 ortas
832 2552 936 2583 esse
965 2536 1026 2583 ab
1060 2535 1263 2582 arbitrio
1298 2550 1466 2582 eorum
1499 2535 1582 2597 qui
1612 2534 1812 2582 nomina

436 2614 582 2660 rebus
601 2612 746 2675 primi
764 2611 1118 2674 imposuerunt,
1134 2610 1212 2657 vel
1231 2610 1291 2656 ab
1310 2609 1416 2657 aliis
1435 2610 1597 2672 posita
1610 2625 1811 2672 accepe-

436 2695 567 2735 runt.
644 2688 772 2734 Nam
813 2686 1020 2748 exempli
1064 2700 1210 2732 causa
1254 2700 1424 2731 verum
1462 2692 1537 2732 est
1575 2684 1809 2731 hominem

435 2779 543 2808 esse
568 2762 770 2820 animal,
800 2761 909 2809 ideo
945 2761 1058 2824 quia
1091 2760 1248 2807 eidem
1272 2759 1343 2807 rei
1375 2759 1471 2808 duo
1503 2759 1587 2808 illa
1609 2758 1811 2807 nomina

434 2837 618 2899 imponi
642 2837 840 2899 placuit.
