1910 3256
459 232 555 274 310
780 243 850 275 DE
878 242 1220 277 RATIONIBUS
1246 243 1507 277 Mo'rUUM.

236 355 350 428 ΡΑξὲ
367 354 436 387 1¹¹·
461 367 558 415 quo
600 358 672 399 est
717 353 817 400 IK.
888 353 1011 400 Cum
1057 368 1176 416 ergo
1220 359 1439 416 tempore
1481 353 1526 400 A
1541 353 1597 412 B,
1643 354 1726 416 qui
1763 362 1836 404 est

242 421 407 466 »4-
463 427 626 474 radius
650 428 833 486 circuli,
858 435 1061 475 conatus
1083 435 1381 491 propagatur
1399 428 1450 475 in
1472 427 1632 475 medio
1654 428 1837 479 rariore

222 490 443 574 ᾗῗέᾜξῃοζξ,
461 518 549 565 per
572 502 616 550 A
631 503 682 561 F,
722 503 894 550 eodem
917 510 1153 565 tempore,
1173 502 1225 550 id
1247 510 1334 561 est,
1359 510 1579 566 tempore
1615 502 1656 550 Β
1670 503 1694 550 Ῑ
1727 519 1838 567 pro·
1909 570 1910 574 Ἰ

220 587 357 618 quaqua,
383 578 719 640 *ke-pagabam
741 578 792 625 in
827 578 987 625 medio
1023 578 1248 626 densiore
1271 595 1301 625 a
1324 579 1369 626 K
1401 578 1464 625 ad
1486 578 1539 633 I;
1576 578 1669 626 erit
1689 578 1839 642 igitur
1909 598 1910 640 j

462 653 501 700 B
522 653 544 700 I
567 660 713 700 rectae
737 654 781 700 A
798 652 837 700 Β
874 653 1097 700 refracta.
1165 653 1251 700 Est
1287 660 1452 701 autem
1475 653 1498 700 I
1518 653 1566 700 K
1588 653 1720 701 sinus
1744 671 1839 703 -an-

458 727 561 790 guli
605 728 817 786 refracti,
864 734 913 775 et
957 727 1001 774 A
1017 728 1054 774 F
1099 727 1230 775 sinus
1280 729 1444 791 anguli
1498 728 1837 778 inclinationis.

462 802 707 850 Quoniam
732 818 848 864 ergo
881 802 965 849 IK
1009 809 1082 849 est
1116 802 1179 849 ad
1202 803 1247 850 A
1264 803 1317 861 F,
1354 810 1410 851 ut
1447 803 1660 851 densitas
1693 805 1839 854 medii

459 877 511 924 in
535 894 632 940 quo
657 884 730 925 est
751 878 855 936 AF,
881 877 943 924 ad
966 877 1256 925 densitatem
1277 878 1425 925 medii
1447 879 1499 926 in
1522 894 1619 941 quo
1643 885 1717 926 est
1739 879 1839 939 IK,

462 954 556 1000 erit
578 960 633 1000 ut
656 953 868 1000 densitas
897 953 1046 1000 medii
1079 953 1131 1000 in
1155 969 1251 1016 quo
1286 961 1360 1001 est
1398 954 1497 1001 AF
1531 953 1610 1001 vel
1645 953 1741 1001 BC
1778 954 1842 1005 ad

462 1028 753 1076 densitatem
776 1028 924 1076 medii
960 1029 1012 1076 in
1049 1045 1144 1091 quo
1170 1037 1244 1076 est
1268 1030 1290 1076 I
1311 1030 1355 1076 K
1380 1029 1456 1077 vel
1480 1029 1520 1076 Β
1538 1029 1599 1088 D,
1623 1029 1694 1077 ita
1711 1029 1841 1078 sinus
1895 1024 1908 1063 s

461 1102 628 1165 anguli
650 1103 849 1150 refracti
874 1103 937 1150 ad
960 1104 1118 1151 sinum
1153 1103 1317 1166 anguli
1340 1104 1681 1152 inclinationis.
1748 1104 1842 1154 Ea·-

462 1178 574 1225 dem
597 1179 787 1226 ratione
807 1179 1000 1226 ostendi
1027 1186 1206 1242 potest,
1232 1195 1338 1227 esse
1367 1187 1426 1227 ut
1460 1179 1672 1227 densitas
1694 1180 1841 1228 medii

461 1254 658 1301 rarioris
674 1254 737 1301 ad
752 1254 1041 1302 densitatem
1055 1255 1203 1302 medii
1219 1255 1472 1314 densioris,
1487 1255 1558 1303 ita
1583 1255 1660 1302 KI
1684 1255 1841 1303 sinum

461 1329 629 1391 anguli
651 1329 850 1376 refracti
873 1329 936 1377 ad
958 1330 1004 1377 A
1018 1331 1055 1377 F
1078 1330 1239 1378 sinum
1263 1331 1428 1394 anguli
1453 1330 1798 1379 inclinationis.
1878 1366 1882 1370 ·

530 1404 770 1463 Secundo,
791 1404 853 1452 sit
872 1421 1062 1468 corpus,
1080 1405 1213 1468 quod
1226 1420 1420 1469 quaqua
1431 1421 1627 1453 versum
1640 1412 1844 1454 conetur·

461 1479 512 1526 in
534 1478 696 1526 medio
731 1479 969 1538 densiore,
1003 1480 1067 1528 ad
1096 1481 1134 1527 Ι.
1205 1480 1456 1543 Siquidem
1479 1496 1596 1543 ergo
1629 1480 1842 1529 medium

461 1560 723 1616 utrumque
746 1554 877 1602 idem
900 1561 1041 1614 esset,
1063 1561 1265 1602 conatus
1285 1556 1388 1618 ejus
1410 1569 1499 1618 per
1521 1555 1544 1602 I
1561 1555 1601 1603 B
1619 1555 1842 1604 tenderet

462 1637 598 1677 recta
619 1629 682 1676 ad
701 1630 755 1688 L,
777 1637 998 1693 essetque
1017 1631 1148 1678 sinus
1171 1631 1336 1694 anguli
1359 1630 1686 1679 inclinationis
1715 1631 1756 1679 L
1769 1631 1838 1690 M,
1873 1638 1877 1639 ⁷

463 1705 662 1766 aequalis
708 1706 809 1763 IK,
857 1706 956 1752 sive
1004 1706 1044 1752 B
1062 1706 1127 1753 H.
1217 1705 1314 1753 Sed
1359 1706 1586 1769 quoniam
1632 1706 1841 1755 densitas

462 1779 610 1827 medii
646 1779 698 1827 in
722 1796 818 1842 quo
843 1788 916 1828 est
953 1781 1054 1840 IK,
1093 1788 1166 1829 est
1202 1781 1265 1828 ad
1288 1781 1576 1830 densitatem
1611 1781 1758 1830 medii
1790 1782 1840 1831 in

462 1871 560 1916 quo
580 1861 653 1902 est
687 1856 726 1903 L
741 1855 811 1914 Μ,
835 1863 892 1902 ut
934 1856 974 1903 B
992 1857 1039 1903 H
1074 1857 1138 1904 ad
1168 1857 1208 1904 Β
1225 1857 1281 1915 G,
1311 1857 1363 1904 id
1388 1865 1474 1916 est,
1500 1858 1563 1905 ad
1582 1858 1694 1917 AF,
1729 1874 1843 1921 pro-

460 1930 720 1992 pagabitur
753 1938 954 1978 conatus
989 1932 1143 1994 magis
1184 1932 1235 1979 in
1275 1932 1437 1979 medio
1477 1933 1561 1980 ubi
1602 1940 1676 1980 est
1715 1933 1838 1992 LM,

464 2021 610 2067 quam
632 2005 683 2052 in
708 2005 869 2053 medio
888 2007 973 2053 ubi
998 2008 1121 2054 est‘I
1139 2008 1200 2066 K,
1224 2008 1276 2054 in
1298 2008 1485 2055 ratione
1509 2008 1757 2056 densitatis
1778 2008 1841 2057 ad

464 2079 769 2139 densitatem,
793 2081 844 2128 id
868 2091 957 2140 est,
981 2082 1033 2129 in
1059 2082 1248 2129 ratione
1271 2082 1315 2129 A
1330 2082 1367 2129 F
1401 2081 1464 2129 ad
1491 2082 1546 2129 M
1561 2083 1616 2130 L.
1683 2084 1852 2132 Ducta>

464 2171 579 2218 ergo
622 2156 662 2203 B
677 2156 737 2214 A,
772 2156 866 2203 erit
900 2157 1107 2220 angulus
1143 2157 1381 2204 refractus
1418 2157 1457 2205 C
1475 2157 1516 2204 B
1530 2157 1591 2217 A,
1623 2164 1672 2206 et
1710 2159 1840 2207 sinus

464 2231 568 2293 ejus
608 2231 645 2276 A
666 2231 718 2278 F.
788 2231 876 2278 Est
914 2239 1078 2279 autem
1120 2233 1159 2279 L
1178 2233 1232 2279 M
1270 2232 1401 2279 sinus
1440 2233 1605 2295 anguli
1638 2234 1840 2282 inclina-

463 2305 626 2353 tionis.
695 2307 782 2353 Est
806 2321 923 2370 ergo
946 2323 1112 2354 rursus
1136 2314 1192 2355 ut
1224 2307 1437 2355 densitas
1461 2308 1609 2355 medii
1637 2309 1700 2356 ad
1723 2309 1838 2356 den-

462 2380 657 2428 sitatem
696 2381 844 2428 medii
886 2381 1078 2437 diversi,
1115 2381 1184 2429 ita
1223 2382 1471 2445 reciproce
1508 2383 1640 2430 sinus
1675 2384 1836 2448 anguli

461 2455 658 2503 refracti
681 2456 744 2503 ad
766 2456 925 2503 sinum
948 2457 1113 2520 anguli
1142 2457 1484 2505 inclinationis.
1555 2458 1702 2507 Quod
1733 2466 1836 2507 erat

463 2530 908 2578 demonstrandum.
1466 2581 1468 2583 .

529 2605 588 2652 In
621 2606 712 2652 hac
734 2606 932 2668 quidem
967 2606 1391 2665 demonstratione,
1415 2607 1727 2671 superficiem
1759 2624 1839 2655 se-

453 2681 772 2743 paratricem
807 2681 847 2728 Β
865 2681 893 2727 b
922 2681 1116 2743 planam
1141 2682 1524 2729 construximus:
1561 2697 1835 2745 quanquam

462 2763 625 2803 autem
644 2772 858 2804 concava
879 2764 965 2803 aut
988 2772 1203 2804 convexa
1226 2763 1365 2814 esset,
1398 2756 1648 2804 theorema
1668 2773 1835 2805 verum

463 2830 570 2897 erit.
639 2831 767 2878 Nam
803 2847 913 2879 eum
943 2831 1170 2879 refractio
1193 2832 1279 2879 fiat
1311 2831 1361 2879 in
1397 2839 1580 2894 puncto
1606 2832 1645 2880 B
1665 2846 1833 2895 super-
