1936 3262
508 250 601 292 254
839 261 908 296 DE
936 263 1273 298 RA'riomsz
1300 265 1556 300 MOTUUM.

271 371 389 448 PAR2{
410 373 481 406 111·
506 368 576 416 tio
600 369 728 416 enim
751 386 850 418 non
874 379 961 430 est,
987 389 1095 435 quae
1125 389 1225 421 non
1259 381 1331 422 est
1361 375 1638 423 scientifica.
1709 376 1872 427 Scien-

281 439 468 486 „4⁹
506 443 639 491 tifica
652 451 812 492 autem
830 462 930 493 non
947 455 1034 505 est,
1054 448 1145 495 nisi
1164 465 1270 511 quae
1289 465 1348 496 ex
1366 450 1642 512 cognitione
1655 452 1872 514 procedit

225 507 487 593 ssssssffisffum.
506 533 759 566 causarum
783 521 957 582 quibus
981 524 1275 571 constructio
1310 525 1621 586 problematis
1651 525 1869 575 efficitur.

505 594 675 656 Itaque
697 602 753 642 ut
771 596 1051 660 colligamus
1069 615 1177 661 quae
1196 599 1325 646 dicta
1343 607 1454 646 sunt
1471 600 1522 646 in
1538 600 1871 650 brevissimum

504 670 859 732 compendium,
885 672 1110 735 analysis
1126 680 1201 720 est
1223 674 1544 721 ratiocinatio
1565 691 1596 721 a
1614 677 1871 740 supposito

504 750 784 792 constructo
829 746 909 793 vel
943 747 1099 809 facto
1146 749 1218 795 ad
1251 749 1398 812 facti
1442 750 1545 797 sive
1602 751 1872 798 constructi

504 835 703 866 causam
718 820 1004 882 efficientem
1021 821 1101 870 vel
1121 823 1300 870 mattas
1325 825 1662 886 coegfficientes‘.
1733 826 1801 875 Ut
1824 833 1872 874 et

503 893 751 956 synthesis
791 895 1115 944 ratiocinatio
1148 904 1224 944 est
1262 915 1294 945 a
1336 899 1500 946 causis
1536 899 1722 963 primis
1761 915 1871 948 con-
1935 945 1936 963 χ

502 969 793 1024 structionis
807 986 909 1033 per
933 972 1096 1018 media
1116 972 1188 1019 ad
1208 972 1366 1036 ipsam
1381 973 1586 1037 factam
1600 981 1869 1039 perpetua.
1935 966 1936 998 5

571 1044 668 1091 Sed
690 1045 919 1106 quoniam
942 1047 1083 1094 multi
1106 1047 1240 1095 modi
1263 1056 1376 1095 sunt
1409 1049 1581 1110 quibus
1604 1049 1773 1096 eadem
1794 1066 1871 1099 res
1935 1042 1936 1055 ¹

501 1119 724 1181 generari
747 1120 845 1167 sive
868 1122 1118 1183 problema
1141 1123 1358 1170 construi
1379 1124 1546 1186 possit,
1574 1140 1675 1171 non
1706 1141 1870 1173 omnes

500 1201 778 1256 geometrae,
809 1211 900 1243 nec
923 1197 1052 1244 idem
1081 1205 1331 1260 geometra
1353 1215 1556 1261 semper,
1581 1199 1749 1246 eadem
1771 1216 1870 1247 me-

500 1268 650 1316 thodo
686 1269 761 1316 usi
791 1277 919 1318 sunt.
990 1271 1117 1318 Nam
1146 1273 1186 1319 si
1215 1273 1478 1336 imperetur
1518 1273 1643 1322 datae
1679 1274 1869 1323 cuidam

502 1343 761 1406 quantitati
775 1344 918 1392 aliam
934 1353 1213 1395 construere
1231 1348 1479 1410 aequalem,
1500 1355 1684 1412 quaeret
1700 1349 1871 1413 aliquis
1899 1344 1904 1349 ⁴

500 1434 563 1466 an
586 1419 637 1466 id
658 1419 764 1466 fieri
786 1421 939 1483 possit
960 1422 1190 1485 fingendo
1227 1431 1416 1470 motum
1448 1424 1673 1486 aliquem.
1743 1425 1870 1481 Nam

499 1509 560 1540 ex
600 1501 737 1542 motu
783 1502 831 1542 et
875 1503 1094 1560 tempore
1140 1499 1278 1561 argui
1322 1506 1484 1561 potest
1529 1499 1776 1562 aequalitas
1819 1509 1872 1548 et

499 1568 801 1632 inaequalitas
842 1572 1146 1632 quarundam
1191 1574 1533 1636 quantitatum,
1574 1591 1675 1622 non
1712 1575 1906 1624 minus:

500 1659 646 1705 quam
680 1661 767 1707 per
806 1648 1204 1709 congruentiam:
1241 1656 1290 1695 et
1326 1655 1489 1711 potest
1529 1649 1691 1711 aliquo
1731 1658 1870 1698 motu

498 1718 619 1777 fieri,
643 1727 700 1766 ut
720 1719 828 1767 duae
853 1723 1148 1783 quantitates
1172 1723 1271 1770 sive
1294 1724 1436 1771 lineae
1455 1724 1554 1772 sive
1574 1726 1866 1788 superficies,

499 1794 589 1840 etsi
612 1794 764 1842 altera
785 1805 922 1843 recta
949 1797 1103 1844 altera
1133 1814 1281 1846 curva
1314 1799 1389 1856 sit,
1416 1815 1504 1862 per
1538 1800 1868 1848 extensionem

499 1877 774 1931 congruant
813 1877 862 1917 et
897 1871 1204 1927 coincidant;
1242 1889 1338 1936 qua
1375 1874 1606 1922 methodo
1646 1891 1762 1923 usus
1796 1882 1868 1924 est

496 1943 815 1992 Archimedes
830 1945 881 1993 in
897 1946 1165 2008 spiralibus.
1235 1949 1395 1995 Etiam
1412 1965 1471 1996 ex
1486 1950 1867 1999 consideratione

495 2018 781 2081 ponderum,
842 2021 1090 2082 aequalitas
1141 2022 1502 2086 inaequalitasve
1553 2024 1759 2072 inveniri
1817 2033 1867 2074 et

496 2092 821 2141 demonstrari
854 2103 1049 2157 potest;
1085 2104 1140 2144 ut
1174 2098 1301 2145 fecit
1323 2098 1451 2146 idem
1479 2099 1793 2148 Archimedes
1815 2101 1864 2148 in

496 2168 793 2230 quadratura
824 2171 1084 2231 parabolae.
1155 2172 1396 2220 Praeterea
1429 2174 1679 2235 aequalitas
1711 2182 1761 2222 et
1793 2175 1865 2222 in-

495 2244 745 2306 aequalitas
768 2244 1015 2292 invenitur
1034 2262 1363 2309 saepenumero
1382 2264 1441 2295 ex
1459 2249 1672 2296 sectione
1690 2249 1866 2297 utrius-

496 2334 589 2381 que
614 2319 902 2380 quantitatis
933 2320 985 2366 in
1015 2328 1179 2383 partes
1215 2337 1332 2384 quas
1367 2322 1674 2371 considerant
1704 2331 1759 2371 ut
1791 2324 1864 2371 in-

495 2392 771 2451 divisibiles,
808 2400 864 2440 ut
897 2394 1013 2442 fecit
1046 2396 1223 2443 nostris
1259 2397 1556 2459 temporibus
1591 2398 1863 2446 Cavalerius

494 2467 855 2524 Bonaventura‚
891 2476 940 2516 et
967 2469 1096 2516 idem
1120 2470 1433 2518 Archimedes
1456 2471 1506 2519 in
1542 2473 1707 2520 multis
1729 2472 1860 2520 lociS.

494 2542 630 2590 Idem
655 2542 865 2605 denique
888 2544 944 2590 fit
968 2544 1319 2592 considerando
1343 2546 1579 2594 linearum
1601 2554 1861 2610 potestates

491 2618 570 2665 vel
591 2624 883 2680 potestatum
917 2618 1085 2678 latera,
1120 2635 1207 2681 per
1237 2620 1705 2683 multiplicationem,
1742 2622 1860 2670 divi-

492 2692 693 2750 sionem,
729 2692 1043 2752 additionem,
1085 2695 1476 2754 subtractionem,
1513 2703 1563 2744 et
1594 2696 1800 2744 laterum
1831 2711 1858 2743 e

491 2768 816 2829 potestatibus
847 2769 1210 2827 extractionem,
1235 2769 1311 2816 vel
1333 2770 1622 2818 inveniendo
1650 2771 1734 2819 ubi
1764 2779 1859 2818 ter-

490 2842 737 2890 minantur
759 2849 906 2891 rectae
930 2843 1146 2907 ejusdem
1174 2845 1389 2892 rationis.
1457 2846 1678 2909 Exempli
1700 2861 1856 2902 causa,
1894 2866 1900 2871 ·
